4288 5844
1831 587 2184 651 aaa-³
2218 551 2585 673 (252)
2639 583 2946 645 ===¹=

1193 791 1462 906 Quod
1545 788 1810 901 igitur
1881 785 2359 875 Schoerlos
2429 782 2835 877 Celeber.
2904 720 3261 874 Ferberi
3324 777 3879 898 atim-umque
3945 783 4039 873 in

799 924 1061 1013 Lauis
1136 939 1692 1009 occurrentes
1764 919 2134 1024 attinet,
2223 918 2515 1030 plures
2582 946 2897 1025 eorum
2963 918 3201 1004 dubii
3271 916 3487 1001 mihi
3558 919 4040 1029 videntur,

806 1077 897 1143 et
963 1055 1337 1143 celeber.
1411 1049 1729 1137 Ferber
1795 1047 1972 1162 ipse
2045 1048 2251 1134 talia
2313 1045 2735 1156 Crystalla
2794 1051 3035 1163 saepe
3102 1056 3280 1134 non
3347 1049 3601 1159 plane
3656 1047 4092 1136 schoa--

805 1188 941 1272 los
982 1246 1014 1295 ,
1116 1185 1262 1273 sed
1343 1180 1776 1270 Schoerlo
1842 1179 2143 1269 fimilia
2213 1178 2377 1265 effe
2450 1179 2717 1265 dicit:
2852 1183 3059 1299 Huc
3127 1179 3564 1294 pertinent
3628 1168 4051 1293 Schoeth

810 1318 996 1400 eius
1102 1311 1522 1428 granulofi
1565 1370 1596 1417 ‚
1697 1310 2186 1424 polyedrici
2277 1328 2368 1391 et
2434 1309 2883 1422 squamofi.
3057 1307 3317 1407 Certe
3389 1308 3789 1398 Schoerli
3864 1307 4043 1396 albi

803 1472 1102 1532 nonne
1168 1447 1272 1529 ad
1341 1438 1812 1527 Zeolithen
1887 1441 2180 1553 potius
2250 1438 2680 1525 referendi
2746 1435 2971 1525 fint?
3080 1440 3347 1555 Quod
3426 1450 3726 1526 ‘tamen
3794 1463 4042 1550 eg0,

807 1603 1006 1663 cum
1079 1574 1251 1687 ipse
1320 1600 1472 1659 eos
1546 1597 2018 1683 numquam
2091 1570 2305 1676 v1d1,
2342 1569 2589 1679 plane
2660 1570 3080 1665 affirmare
3150 1598 3326 1657 non
3367 1556 3685 1678 aude-03
3744 1584 4050 1683 quam·

807 1713 940 1793 vis
1008 1706 1477 1843 plerosque
1548 1701 2023 1789 Schoerlos
2099 1697 2420 1809 albos,
2490 1702 3055 1813 praesertim
3100 1720 3423 1793 autem
3475 1699 4042 1813 pellucidos,

807 1816 1206 1935 crystallo
1308 1853 1768 1929 montanae
1869 1827 2213 1933 ssmiles
2255 1858 2301 1927 a
2367 1826 2765 1940 Sauffitrii
2847 1832 3158 1917 dubios
3229 1831 3490 1937 mihi,
3510 1830 3803 1921 videri
3862 1853 4043 1917 non

775 1964 1341 2079 negauerim.
1506 1961 2042 2057 Nonnullos
2101 1987 2406 2075 eorum
2494 1964 2607 2059 in
2652 1962 3315 2075 proprietatibus
3386 1986 3543 2074 per
3607 1961 4044 2053 ehemiam

812 2095 1316 2207 detegendis
1390 2118 1437 2179 a
1503 2119 1718 2178 vero
1803 2091 2233 2183 Schoerlo
2321 2092 2767 2207 differre,
2792 2093 3465 2277 ”experimenta
3511 2089 4045 2251 Bergmanni

814 2247 946 2315 et-
973 2224 1434 2340 Claprothi
1501 2224 1943 2313 euincunt.
2438 2270 2445 2275 ·
2870 2268 2879 2277 -

1206 2421 1526 2535 Neque
1589 2432 1696 2511 ‘ea
1770 2403 2186 2528 Crystalla
2257 2414 2718 2547 granatica3
2760 2398 3053 2534 quae
3074 2368 3443 2509 formam
3481 2419 3757 2506 c‘rucis
3798 2444 4051 2537 prae-

817 2550 1025 2643 bent
1092 2571 1181 2635 et
1243 2551 1334 2635 in
1405 2544 1684 2641 Gallia
1750 2549 2068 2639 Macles
2133 2532 2560 2671 vocantur
2625 2538 2803 2643 huc
2862 2555 3049 2638 iur'e
3084 2518 3630 2675 ςόἱῐοε3ιιά3
3685 2548 3907 2635 effe
3912 2544 4055 2634 iu·-

761 2682 1087 2790 rdico,
1199 2682 1396 2801 quia
1466 2681 1872 2767 duritiem
1941 2701 2032 2768 et
2099 2660 2513 2811 colorem:
2566 2690 2743 2770 non
2815 2638 3253 2773 Schoerli
3274 2664 3427 2771 sed
3494 2690 4054 2823 granatorum

787 2812 1254 2921 habeant,
1292 2810 1549 2898 nullis
1626 2813 1835 2899 striis
1907 2813 2070 2938 fint
2134 2792 2443 2934 affecti,
2504 2830 2602 2902 et
2666 2806 3180 2936 plerumque
3221 2808 3355 2924 vti
3388 2834 4053 2962 nonnumquam

815 2941 1291 3055 Granates,
1355 2929 1602 3032 Mica
1665 2922 2069 3057 argentea
2135 2917 2533 3034 obducta
2573 2947 3139 3098 reperiantur.

1203 3136 1480 3223 Dubii
1570 3142 1830 3225 etiam
1913 3141 2325 3228 videntur
2390 3143 2607 3227 mihi
2672 3141 2802 3226 illi
2872 3139 3156 3227 cubici
3226 3140 3333 3226 dc
3403 3162 3789 3249 aur-oque
3855 3083 4058 3248 pat·

795 3267 1274 3386 ‚ticipantes
1317 3267 1876 3384 Schoerli,·
1912 3272 2057 3382 qui
2125 3270 2280 3368 sub
2322 3261 2523 3366 Boc
2593 3274 2949 3370 nomine
3015 3272 3103 3358 in
3168 3271 3417 3356 venis
3487 3263 4059 3358 Catharinae·

816 3398 1246 3512 politanis
1298 3400 1717 3508 veniunt,
1781 3419 1871 3486 et
1937 3401 2261 3499 colore·
2310 3402 2771 3514 nitoreque
2839 3401 3440 3494 Haemathitae
3508 3397 3883 3506 similes,
3948 3395 4057 3483 ab

817 3531 1260 3628 interiore,
1299 3554 1512 3618 vero
1578 3550 1817 3642 parte
1889 3531 2388 3617 foraminosi
2454 3532 2697 3641 sunt,
2763 3529 3545 3634 duritie-minore,
3614 3517 3835 3618 facie
3903 3523 4055 3612 sub

817 3661 1184 3747 fractura
1253 3683 1429 3756 non
1498 3662 1769 3748 vitrea
1838 3659 1982 3746 sed
2053 3680 2331 3750 terrea
2395 3662 2726 3772 potiuS,
2794 3687 3081 3775 neque
3146 3660 3321 3748 vlla
3378 3655 4058 3772 semipenucidi-

818 3810 993 3882 tate
1061 3791 1454 3912 praediti.
1591 3788 1819 3880 Cum
1891 3790 2331 3878 Schoerlis
2403 3791 2492 3880 id
2560 3793 2674 3878 iis
2735 3810 3083 3880 tantum
3106 3816 3570 3880 commune
3608 3789 3760 3903 est,
3821 3786 4055 3903 quod

811 3946 981 4033 per
1042 3907 1685 4032 longitudinem
1750 3922 1871 4008 sui
1941 3923 2195 4008 striati
2263 3943 2748 4010 occurrant.

1216 4117 1345 4200 At
1410 4115 1502 4202 T
1511 4118 2024 4203 urmahnum
2095 4095 2183 4203 vi
2254 4131 2583 4206 tanturn
2654 4115 3046 4208 electrica
3117 4145 3167 4206 a
3215 4115 3647 4205 Schoerlo
3714 4108 4056 4198 differre

826 4245 1128 4331 iudico
1196 4265 1289 4331 et
1352 4247 1458 4330 ad
1530 4247 2000 4333 Schoerios
2069 4249 2536 4338 secundum
2605 4249 2891 4366 idque
2932 4245 3463 4361 principium
3507 4235 4057 4330 referendum

834 4377 1070 4482 effe,
1166 4376 1636 4470 secundum
1727 4379 1962 4488 quod
2053 4375 2458 4466 Celeber.
2496 4384 2955 4496 Lin'naeus
3022 4375 3327 4468 Raiam
3391 4377 3887 4490 torpedinem
3955 4371 4059 4526 ad

817 4506 1043 4596 alias
1093 4497 1375 4592 Raias
1442 4505 1773 4617 retulit,
1842 4533 2001 4592 nec
2072 4510 2177 4594 ab
2244 4499 2351 4596 iis
2423 4503 2855 4600 secreuitc

2972 4651 2979 4660 .
3130 4639 3141 4656 -
3438 4635 3455 4667 ι

1221 4700 1414 4788 Pari
1519 4705 1792 4789 modo
1891 4722 1984 4789 et
2080 4663 2533 4812 Beryllum
2635 4655 2946 4794 multas
3050 4681 3295 4793 notas
3378 4649 3797 4792 externa&
3867 4721 4059 4786 oum

841 4828 1270 4920 Schoerlo
1337 4860 1848 4924 communes
1918 4834 2238 4923 habere
2306 4861 2645 4929 certum
2708 4840 2885 4949 est,
2952 4865 3129 4924 non
3194 4840 3535 4951 possum
3602 4856 3890 4922 tamen
3956 4825 4057 4910 il-

3881 4958 4055 5046 lam
