4288 5844
1954 567 2262 595 ......
2323 532 2570 648 (86)
2633 566 2938 595 ...-

718 788 733 805 ·
850 772 1196 919 quidem
1265 792 1314 850 u
1383 767 1799 876 spectatur
1865 784 1960 848 vt
2026 765 2353 849 functio
2423 765 2677 876 ipfius
2746 786 2830 866 ις
2903 763 3164 849 altera
3229 789 3444 850 vero
3500 788 3558 848 v
3609 772 4059 880 vtcunque
4229 858 4230 861 Ν

849 900 1151 988 variari
1216 895 1541 1007 potest,
1612 895 1817 978 dum
1889 910 1922 975 t
1987 913 2075 977 et
2140 919 2191 975 u
2259 897 2622 979 eosdem
2687 895 3025 980 valores
3092 894 3515 994 retinent3
3584 897 3836 981 tertia
3903 923 4057 983 ve-

848 1058 952 1117 ro
1024 1028 1573 1131 coordinata,
1659 1025 1761 1108 ad
1844 1024 2198 1135 planum
2286 1023 2622 1108 tabulae
2690 1023 3474 1137 perpendicularis»,
3559 1050 3718 1136 per
3784 1023 4076 1110 solam‘

853 1186 913 1244 v
981 1157 1463 1261 definitur,
1490 1178 1688 1236 cum
1751 1153 1851 1235 fit
1911 1179 2127 1236 z-
2004 1220 2127 1234 .-.
2167 1138 2256 1259 1!
2273 1151 2367 1261 (a
2401 1176 2455 1235 a
2494 1197 2619 1214 --
2649 1179 2708 1235 v
2741 1153 2872 1263 v).

1227 1348 1302 1458 ς.
1382 1374 1525 1451 19.
1641 1310 1867 1430 Cum
1935 1346 2198 1456 igitur
2266 1346 2569 1431 relatio
2635 1348 2859 1431 inter
2925 1365 2960 1431 t
3022 1365 3112 1431 et
3178 1371 3230 1431 u
3291 1320 3632 1458 penitus
3700 1345 4050 1437 arbitrio

852 1478 1137 1562 n'ostro
1207 1476 1798 1603 relinquatur
1905 1501 2043 1560 eas
2123 1495 2526 1585 tanquam
2600 1477 3138 1563 coordinatas
3215 1500 3523 1561 curuae
3595 1478 4050 1567 cuiuscun-

862 1633 1027 1715 que
1094 1609 1182 1689 in
1251 1605 1512 1716 plano
1584 1602 1917 1691 tabulae
1990 1604 2588 1689 describendae
2661 1607 3021 1717 spectare
3091 1603 3459 1711 licebit,
3538 1631 3753 1714 quae
3822 1609 3942 1693 ita
4005 1633 4049 1692 a

858 1735 1138 1819 lubitu
1208 1736 1495 1819 nostro
1562 1733 1950 1842 pendet,
2047 1751 2143 1816 vt
2210 1732 2469 1817 etiam
2537 1730 2812 1818 lineae
2896 1757 3454 1845 quaecunque
3527 1733 3810 1821 libero
3879 1761 4053 1822 ma·

694 1904 703 1909 2
862 1889 1019 1948 nus
1089 1868 1352 1949 tractu
1423 1863 1858 1945 ducendae
1930 1861 2265 1949 admitti
2340 1880 2746 1973 queant,
2769 1861 2884 1948 ita
2953 1881 3048 1946 vt
3133 1888 3307 1946 non
3376 1886 3595 1972 opus
3685 1862 3788 1948 fit
3876 1890 4050 1950 cer-

500 2029 674 2102 Tab
726 2032 805 2113 ῃο
858 2012 1028 2077 tam
1113 1993 1622 2077 relationem
1710 1989 2266 2094 analyticam
2302 1991 2525 2074 inter
2612 2009 2646 2074 t
2710 2008 2798 2074 et
2863 2014 2916 2073 u
2998 1989 3437 2075 exhibere.
3610 1989 4052 2105 Descripta

496 2134 635 2228 Fig.
670 2151 739 2213 4-
855 2123 1116 2231 igitur
1200 2123 1289 2205 in
1375 2120 1637 2229 plano
1726 2115 2058 2202 tabulae
2128 2085 2291 2228 pro
2358 2117 2638 2202 lubitu
2724 2144 2982 2204 curua
3078 2143 3581 2230 quacunque
3684 2118 4049 2232 EUF,
4105 2212 4112 2219 ,

844 2278 1013 2373 pro
1083 2251 1262 2341 eius
1335 2249 1652 2357 punc‘to
1725 2272 2245 2357 quocunque
2315 2245 2414 2332 U
2469 2266 2832 2332 vocetur
2898 2237 3264 2357 absciffa,
3326 2250 3422 2330 in
3487 2271 3650 2332 axe
3690 2245 3877 2337 CA
3942 2251 4054 2335 as

812 2379 1124 2463 sumta
1165 2438 1193 2484 ,
1300 2370 1385 2461 O
1429 2375 1520 2458 T
1561 2401 1689 2455 .-..
1734 2390 1765 2454 t
1832 2394 1918 2457 et
1999 2375 2420 2485 applicata
2500 2373 3036 2484 TU-u,
3132 2377 3249 2461 ita
3331 2394 3426 2460 vt
3513 2376 3723 2461 haec
3795 2405 4048 2469 curua

853 2533 1021 2619 pro
1096 2504 1475 2614 qualibet
1518 2502 1872 2597 abscissa
1946 2497 2031 2588 O
2074 2501 2264 2585 T:
2301 2517 2335 2581 t
2410 2500 3063 2613 respondentem
3136 2490 3645 2616 applicatam
3713 2506 3991 2596 TU:
4003 2534 4052 2593 u

863 2636 1270 2720 ostendat.
1438 2632 1700 2717 Nunc
1785 2632 2048 2741 igitur
2132 2629 2454 2715 constat
2555 2632 2844 2743 anguli
2914 2632 3250 2719 EUT
3340 2650 3830 2745 tangentem
3894 2637 4048 2726 effe

866 2751 1163 2894 ΞΞ-ἴ,
1231 2765 1347 2847 ita
1414 2780 1509 2845 vt
1580 2758 1866 2878 anguli
1968 2759 2372 2870 deinceps
2444 2760 2694 2888 positi
2763 2762 2852 2844 T
2876 2761 3047 2847 UF
3118 2781 3469 2885 tangens
3539 2762 3766 2846 fit:
3792 2751 4051 2897 -ζ-Ξ,

862 2919 1092 3003 vnde
1162 2931 1393 3026 patet
1462 2912 1690 2998 hunc
1764 2910 2172 3022 angulum
2245 2909 2336 2993 T
2374 2909 2560 2997 UF
2628 2911 3034 3025 praebere
3102 2912 3380 3025 ipsum
3448 2916 3858 3027 angulum
3923 2909 4048 3029 Φ,

865 3059 1039 3159 quo
1107 3045 1195 3127 in
1264 3041 1560 3126 nostris
1635 3039 2027 3125 formulis
2098 3040 2619 3151 indigemus,

1215 3234 1328 3344 -ς,
1407 3258 1549 3315 20.
1684 3229 2071 3315 Ducatur
2138 3257 2364 3314 nunc
2435 3231 2539 3316 ad
2609 3232 2860 3326 hanc.
2913 3258 3260 3321 curnam
3348 3240 3760 3326 normalis
3830 3237 4050 3348 US,

868 3368 1199 3475 eritque
1270 3360 1631 3472 angulus
1713 3352 2719 3466 TUS:<D—900;
2819 3362 3046 3447 vnde
3133 3364 3189 3447 fi
3274 3365 3363 3449 in
3447 3367 3609 3455 hac
3658 3368 4052 3454 -normali

848 3494 1049 3714 ξιξ
1101 3491 1640 3707 xrlfzffiindatutr
1702 3487 2254 3650 interuallum
2324 3488 2797 3576 U-szv
2837 3547 2868 3597 ,
2972 3492 3506 3609 ducatur-que
3589 3499 3731 3585 axi
3798 3496 4057 3614 paral·

1317 3659 1377 3726 -,
1445 3642 1569 3701 eri

1248 3762 3175 3882 vsszvfin.(<1>-90):--vcos.q>
3331 3777 3338 3784 ’

877 3949 962 4020 et
1027 3930 1574 4018 interuallum

1264 4082 1351 4176 U
1393 4077 1941 4166 szcos.
1981 4070 3109 4191 (OE-90)::vfin.<1>,'

883 4259 1134 4351 atque
1214 4237 1347 4323 his
1448 4237 1691 4323 lineis
1791 4233 2297 4321 intro'duffis
2402 4232 2908 4320 habebimus
3006 4264 3072 4321 x
3104 4261 3229 4317 :z
3267 4233 3351 4324 O
3390 4239 3484 4326 T
3518 4254 3649 4338 4-
3682 4239 3757 4328 R
3794 4241 3890 4333 V
3975 4257 4055 4329 et

852 4394 924 4474 y
961 4395 1085 4450 z
1120 4368 1213 4451 T
1252 4365 1342 4453 U
1379 4411 1502 4426 —-
1536 4364 1759 4452 UR.
1854 4469 1859 4474 ι
1908 4363 2505 4480 Quamobrem
2586 4363 2646 4446 fi
2731 4391 2843 4449 ex
2910 4365 3002 4452 V
3081 4368 3185 4451 ad
3251 4395 3505 4455 axem
3575 4373 4050 4458 demittatur

883 4496 1595 4608 perpendiculum
1666 4493 1759 4579 V
1792 4492 1877 4580 X
1912 4552 1942 4602 ,
2010 4521 2211 4580 cum
2280 4492 2379 4576 fit
2448 4488 2533 4578 O
2571 4492 2653 4578 Χ
2688 4519 2813 4574 z:
2856 4488 2941 4578 O
2980 4493 3074 4578 Τ
3109 4507 3240 4590 -ι-
3270 4496 3346 4579 R
3382 4498 3506 4583 V·
3542 4519 3632 4584 et
3696 4501 3791 4588 V
3823 4501 3908 4589 X
3938 4528 4051 4585 ε..-

887 4626 980 4709 Τ
1022 4622 1109 4711 U
1141 4673 1269 4716 -,-
1305 4623 1393 4710 U
1431 4624 1559 4732 R,
1643 4621 2153 4709 habebimus
2225 4619 2310 4709 O
2348 4621 2433 4709 X
2467 4645 2593 4701 Σ
2627 4649 2693 4706 x
2758 4638 2849 4705 et
2912 4621 2998 4707 X
3029 4623 3122 4709 V
3157 4651 3409 4734 zy,
3493 4629 3779 4740 ficque
3850 4659 4055 4746 pun-

868 4756 1113 4839 -e‘tum
1160 4754 1276 4844 ,V
1340 4754 1431 4837 id
1514 4755 1790 4869 ipsum
1879 4751 2040 4837 erit
2075 4809 2105 4864 ,
2209 4753 2347 4836 cui
2429 4752 2517 4836 in
2581 4752 2876 4864 ‘prima
2956 4751 3227 4866 figura
3308 4755 3722 4876 adscripta
3807 4762 4061 4848 fuerat

3801 4893 4065 4982 littera
