4288 5844
2000 532 2311 589 tre-¹¹2¹..-
2372 500 2685 619 (ιω)
2747 533 3056 592 ===

918 735 1329 852 originiS,
1406 733 1573 823 filis
1646 730 1966 822 scilicet
2030 734 2595 847 cartilagineis
2664 736 3053 857 finistris,
3117 724 3563 853 partique,
3638 767 3804 855 qua
3877 740 4112 836 funes

920 869 1205 954 vltimi
1272 869 1717 975 oriuntur,
1803 862 2007 949 bafis
2079 884 2370 950 aortae
2438 867 2610 975 a);
2718 867 3047 979 reliqua
3111 894 3301 980 pars
3374 869 3723 959 dimidia
3793 895 4114 986 contra,

918 1000 1261 1083 ordines
1337 995 1915 1109 complestens
1987 994 2337 1078 tertium
2405 1012 2495 1080 et
2562 1013 2956 1104 quartum
3025 993 3139 1107 b)
3209 999 3312 1082 ad
3383 1001 3462 1083 se
3534 1019 3907 1111 mutu0,
3970 1006 4111 1094 vbi

901 1151 1031 1227 ex
1099 1125 1422 1212 ambitu
1487 1123 1680 1209 suae
1747 1121 2142 1232 originis,
2210 1123 2445 1234 stria,
2516 1142 2753 1208 ortae
2819 1125 3081 1213 fibrae
3152 1127 3625 1235 effent,··et
3691 1132 3796 1217 ad
3866 1131 4110 1222 fibras

910 1254 1298 1368 priores,
1365 1252 1662 1338 senfim
1731 1254 2385 1363 conuergendo,
2449 1252 2531 1336 se
2599 1254 3157 1365 applicarent,
3222 1253 3377 1339 sub
3444 1281 3764 1370 easque
3835 1258 3916 1345 se
3978 1290 4109 1351 te-

915 1386 1301 1498 ciperent
1369 1386 1474 1494 c)
1516 1400 1560 1491 ,·
1648 1379 1976 1468 ambitu
2060 1381 2544 1465 insertionis
2631 1384 3024 1469 omnium
3092 1383 3500 1472 fibrarum
3568 1406 4102 1505 externarum

905 1511 1368 1601 ventriculi
1434 1510 1869 1625 prioribus
1935 1511 2106 1596 iam
2174 1507 2410 1595 fibris
2483 1511 2888 1595 ordinum
2958 1510 3216 1624 primi
3282 1529 3372 1599 et
3436 1513 3784 1601 secundi
3856 1544 4103 1620 occu-

894 1661 1136 1755 pato.
1269 1638 1413 1729 Sic
1481 1641 1722 1754 prior
1786 1665 1978 1752 pars
2048 1637 2509 1749 fibrarum,
2581 1639 2807 1749 quafi
2875 1641 3276 1752 dimidia,
3341 1643 3760 1732 ambitum
3830 1664 4098 1734 totum

896 1770 1385 1857 insertionis
1492 1783 1931 1881 occupat,
2028 1767 2268 1852 fibris
2339 1767 2569 1854 haud
2657 1770 3075 1879 omnino,
3144 1789 3230 1857 at
3292 1774 3761 1860 maximam
3829 1793 4097 1878 tamen

892 1917 1270 2013 partem,
1352 1898 1816 2009 parallelis,
1916 1888 2283 1991 ambitu?
2338 1897 2819 1983 insertionis
2889 1900 3250 1985 ambitui
3320 1901 3676 2012 originis
3745 1906 4094 2018 aequali.

890 2029 1198 2115 Altera
1286 2028 1643 2112 dimidia
1728 2051 1917 2139 pars
2007 2025 2157 2110 sub
2224 2026 2557 2137 priores
2626 2029 2938 2137 partim
3007 2026 3091 2113 se
3160 2029 3538 2140 recipit,
3645 2036 3950 2146 partim
4013 2037 4093 2121 in

892 2156 1160 2268 ipsam
1243 2158 1617 2242 ambitus
1703 2152 2192 2240 insertionis
2277 2156 2913 2241 extremitatem
2979 2182 3145 2244 vna
3215 2182 3416 2242 cum
3482 2158 3805 2246 vltimis
3874 2164 4097 2274 prio·

890 2311 1087 2373 rum
1175 2284 1680 2393 concurrit,
1751 2281 2032 2368 'fibras
2116 2282 2579 2370 efficiendo
2640 2285 3034 2372 radiatas·
3200 2285 3444 2384 Haec
3510 2287 3945 2399 singularis
4010 2313 4091 2378 et

887 2413 1238 2525 propria
1336 2412 1773 2524 dispofitio
1877 2411 1994 2496 est
2097 2411 2506 2498 fibrarum
2608 2431 3165 2500 externarum
3256 2417 3719 2503 ventriculi
3784 2416 4089 2506 finistri.
4208 2516 4209 2521 a

887 2538 992 2626 In
1097 2541 1411 2626 dextro
1512 2538 1999 2625 ventriculo
2089 2540 2271 2624 nifi
2328 2540 2693 2626 omnino
2781 2540 3237 2653 parallelae
3307 2541 3574 2632 fibrae
3644 2546 4088 2656 feruntur,

873 2694 1182 2783 parum
1249 2686 1538 2756 tamen
1606 2687 1937 2754 tantum
2004 2684 2152 2752 aut
2221 2668 2759 2779 diuergendo
2827 2689 2971 2756 aut
3035 2674 3665 2785 conuergendo
3724 2701 3775 2762 a
3831 2675 4089 2831 solito

889 2797 1257 2913 simplici
1325 2797 1736 2884 fibrarum
1801 2799 2245 2910 progreffu
2315 2797 2777 2886 declinant.

1314 3014 1744 3129 Dispositio
1787 3012 2197 3126 fibrarum
2238 3016 2493 3127 strati
2532 3016 2903 3131 secundi,
2973 3041 3123 3132 quo
3188 3043 3435 3131 vsque
3498 3045 3675 3110 cun

2103 3163 2433 3231 externo
2502 3153 2882 3236 conuenit.

1274 3335 1558 3429 Simili
1645 3353 2191 3424 externarum
2275 3338 2545 3425 modo
2617 3359 2705 3427 et
2769 3341 3030 3427 fibrae
3101 3341 3556 3455 dispolitae
3623 3341 3817 3430 sunt
3874 3343 4107 3434 strati·

880 3464 1261 3558 secundi.
1423 3469 1627 3555 Alia
1706 3491 1999 3551 earum
2068 3491 2260 3576 pars
2332 3485 2617 3555 totum
2684 3471 3164 3557 insertionis
3236 3471 3657 3558 ambitum
3725 3496 4078 3587 occupat

870 3598 1305 3711 fibrasque
1375 3593 1813 3710 parallelas
1883 3594 2295 3706 producit
2340 3595 2455 3706 d)
2493 3627 2518 3697 3
2590 3598 2782 3706 alia,
2851 3599 3064 3684 licet
3129 3600 3422 3685 minor
3487 3602 3887 3711 omnino,
3955 3604 4073 3689 se·

886 3727 1139 3813 dibus
1208 3726 1694 3811 insertionis
1766 3720 2228 3807 consumtis
2269 3783 2301 3831 ,
2400 3724 2552 3810 sub
2616 3728 2953 3838 priores
3022 3728 3104 3812 se
3169 3728 3550 3838 recipit,
3658 3729 4068 3844 fibrasque

878 3856 1145 3946 efficit
1210 3856 1563 3941 radiatas
1635 3852 1736 3962 e)
1805 3850 2113 3937 ssmiles
2191 3853 2849 3965 quodammodo
2915 3853 3154 3940 fibris
3222 3855 3563 3943 radiatis
3635 3857 4073 3971 superiori·

877 3984 1040 4071 bus
1125 3983 1344 4068 strati
1411 3983 1774 4068 externi.
1944 3978 2044 4064 In
2113 3980 2288 4065 hoc
2356 4002 2717 4068 externo
2787 3985 3036 4070 strato
3107 3983 3225 4069 ob
3294 3983 3554 4095 ipsam
3623 3987 3862 4074 illam
3929 3988 4070 4073 fin·

879 4111 1270 4230 gularem
1336 4110 1741 4198 fibrarum
1812 4106 2452 4222 dispofitionem
2524 4111 2699 4197 duo
2769 4111 3186 4223 fasciculi,
3228 4137 3444 4223 quos
3483 4119 3850 4228 proprio
3879 4111 4067 4203 ideo

2896 4281 2905 4289 ·
3917 4271 4064 4331 no-

889 4387 941 4413 ff

1033 4484 1129 4583 a)
1232 4481 1580 4567 Tab.v1.
1631 4508 1702 4577 y.
1763 4503 1867 4577 13
1918 4483 2094 4567 Tab
2142 4486 2224 4557 V.
2280 4504 2388 4571 32.
2443 4503 2550 4582 ς2.

1028 4583 1116 4681 b)
1214 4587 1391 4659 ‘rab
1447 4584 1555 4659 lv.
1608 4587 1697 4659 D.
1747 4581 1959 4660 nt.

1028 4686 1118 4781 c)
1220 4685 1397 4757 Ταῦ.
1447 4685 1556 4758 lv.
1607 4707 1716 4775 77.
1764 4697 1876 4774 78.
1933 4698 2040 4763 82.
2091 4686 2208 4777 96.
2256 4711 2408 4760 roo.

1026 4787 1122 4883 d)
1225 4783 1786 4882 Tab-lx.1.p.
1837 4784 2327 4860 11.Tnb.v11.
2381 4788 2473 4861 H.
2532 4783 2745 4862 ΘΕ.
2802 4791 2914 4878 36.
2972 4810 3088 4885 39.

1022 4889 1102 4990 ι)
1207 4883 1394 4976 Τὼ.
1440 4882 1583 4964 vu.
1636 4906 1743 4977 st·
1793 4906 1898 4975 41·
1948 4906 2073 4976 42·
2125 4907 2251 4978 43
2303 4910 2416 4978 47·
2468 4888 2640 4964 Τὼ
2692 4888 3113 4986 lx.16.17
3165 4899 3260 4984 ¹8»
3304 4903 3409 4994 §st
