4288 5844
1190 494 2370 731 ‘HIS‘TOIQRR
2601 658 2608 673 ,
3001 648 3014 661 ,
3317 514 3538 705 6⁷!

238 841 446 933 quae
509 812 786 905 maior
850 813 1165 902 iactura
1246 811 1609 919 maiori,
1694 836 1913 927 quae
1982 810 2158 899 hoc
2223 811 2315 897 in
2384 776 2989 929 experimento
3056 804 3486 933 impensa‘

236 948 440 1057 fuit,
500 945 977 1036 carbonum
1048 943 1500 1058 quantitati
1568 940 1684 1033 est
1749 941 2327 1032 adscribenda.

608 1209 684 1322 §.
763 1213 913 1312 36.
1064 1195 1609 1355 obseruata)
1715 1233 1929 1319 quae
2015 1208 2160 1295 hic
2247 1205 2677 1322 exposui,
2776 1209 3056 1325 prima
3142 1210 3430 1327 fronte

233 1341 570 1430 minime
642 1341 931 1426 fauere
1002 1336 1525 1425 carbonum
1516 1338 1631 1422 in
1707 1337 2206 1451 deputando
2278 1359 2660 1426 cremato
2730 1342 2980 1455 vsui,
3083 1344 3232 1429 etfi
3296 1347 3438 1432 lu-

236 1475 436 1561 bens
502 1473 947 1559 concedo:
1053 1469 1252 1553 inde
1323 1486 1612 1555 tamen
1684 1467 1900 1553 nihil
1967 1471 2130 1555 effe
2202 1470 3050 1621 pertimescendum,
3149 1500 3433 1589 neque
3565 1470 3580 1479 ’

233 1603 629 1691 carbones
701 1602 789 1685 in
861 1597 1363 1711 deputando
1435 1619 1820 1684 cremato
1887 1599 2091 1685 Inde
2163 1601 2481 1712 priuati
2548 1601 2913 1691 vtilitate
2999 1600 3213 1713 sua,
3312 1603 3439 1689 se-

147 1806 155 1819 .
238 1732 674 1850 quentibus
745 1728 1298 1841 comprobari
1365 1728 1600 1842 poffe
1670 1726 2196 1842 argumentis
2263 1729 2746 1841 persuasum
2814 1731 3033 1819 mihi
3098 1732 3432 1825 habeo:

450 2012 465 2021 ·
607 1976 751 2089 1.)
822 1978 967 2066 Ad
1024 1978 1487 2093 perfectam
1548 1976 1901 2068 cremati
1944 1979 2598 2093 depurationem
2640 1980 3118 2069 carbonum
3166 2006 3434 2095 quan-

234 2114 405 2199 titas
467 2108 778 2197 sufficit
842 2136 941 2197 ea
1009 2111 1273 2224 longe
1344 2112 1633 2196 minor
1667 2141 1743 2221 ,ᾖ
1805 2137 2063 2223 quam
2152 2108 2765 2223 experimentis
2833 2112 3242 2224 expofitis
3315 2137 3430 2200 ex

237 2238 603 2332 consulto
685 2239 1107 2352 impendi.
1274 2240 1424 2328 Ad
1518 2242 2049 2354 deputandas
2138 2240 2375 2324 enim
2468 2264 2580 2319 12
2651 2241 3008 2329 cremati
3092 2256 3430 2356 partes»,

156 2360 169 2369 ’
234 2400 390 2464 non
451 2370 602 2459 nifi
666 2397 835 2458 vna
902 2370 1379 2459 carbonum
1444 2370 1831 2486 pulueris
1899 2367 2396 2482 requiritur.

597 2615 733 2727 2.)
858 2615 956 2709 Si
1029 2635 1415 2705 cremato
1504 2640 1686 2735 ηομ
1773 2614 1925 2703 nifi
2012 2630 2243 2704 tanta
2327 2605 2726 2728 adjicitur
2791 2615 3175 2729 pulueris
3245 2644 3431 2707 car·

235 2748 534 2836 bonum
626 2747 933 2860 copia,
1046 2768 1356 2861 quanta
1441 2738 1828 2860 partibus
1902 2745 3066 2896 empyreumatico·oleofis
3136 2750 3429 2836 exstir-

230 2880 505 2994 pandis
589 2877 944 2979 sufficit:
1054 2879 1423 2967 dubitari
1513 2877 1760 2964 nullo
1852 2877 2126 2964 modo
2163 2864 2541 2990 potest,
2644 2877 2851 2989 quin
2941 2876 3421 2969 carbonum

231 3013 550 3125 puluis,
647 3009 1030 3121 partibus
1135 3006 1367 3096 hisce
1457 3024 1841 3093 cremato
1923 3007 2236 3092 leuiter
2321 3009 2980 3094 adhaerentibus
3081 3030 3420 3096 extem·

227 3143 359 3256 plo
428 3140 875 3247 saturatae,
946 3140 1190 3225 omni
1256 3138 1345 3224 vi
1414 3136 1556 3223 sua
1623 3139 1707 3220 in
1781 3157 2255 3223 crematum
2345 3123 2875 3222 destruflrice
2944 3137 3046 3224 fit
3112 3142 3424 3226 caritu-

225 3299 396 3380 rus»,
471 3296 726 3386 quam
795 3269 1121 3355 scilicet
1188 3294 1366 3356 non
1436 3266 1593 3353 nist
1655 3283 1840 3352 tum
1913 3267 2001 3351 in
2072 3265 2457 3377 spiritum
2527 3268 2971 3353 ardentem
3040 3269 3421 3379 exserit,

225 3429 400 3489 cum
475 3400 1041 3488 sufficientem
1109 3400 1718 3511 particularum
1785 3395 2494 3510 phlogisticarum
2564 3396 2960 3509 copiam,
3062 3400 3202 3483 cui
3272 3398 3422 3485 ab·

222 3531 674 3618 sorbendae
742 3533 923 3616 vim
994 3528 1227 3614 suam
1299 3527 2232 3640 dephlogisticatricem
2296 3526 2800 3641 impendere
2870 3526 3171 3642 poflit,
3241 3555 3428 3615 cre·

221 3683 533 3749 matum
599 3659 751 3776 ipfi
819 3659 1135 3747 offerre
1207 3686 1378 3746 non
1449 3656 1758 3771 potest.

596 3883 751 3995 3.)
886 3882 1057 3972 Sed
1124 3880 1186 3967 fi
1252 3881 1397 3967 vel
1484 3878 1863 3965 maxime
1954 3881 2240 3988 dicam,
2341 3881 2443 3967 ad
2531 3878 2993 3994 perfectam
3064 3883 3422 3970 cremati

224 4015 864 4129 depurationem
935 4038 1046 4099 eo
1117 4011 1429 4098 certius
1517 4008 2077 4096 obtinendam
2124 4010 2352 4096 ‚fieri
2420 4010 2569 4094 vix
2653 4037 2748 4096 ac
2819 4037 2925 4096 ne
3008 4011 3161 4098 vix
3232 4014 3426 4125 qui·

221 4149 405 4235 dem
478 4145 764 4259 posse,
836 4143 1043 4255 quin
1110 4143 1395 4228 addita
1461 4139 1844 4254 pulueris
1919 4139 2394 4227 carbonum
2451 4142 2891 4250 quantitas
2959 4140 3047 4225 in
3118 4170 3425 4229 exces-

217 4278 292 4363 su
355 4293 669 4391 peccet
733 4277 1132 4384 adeoque
1203 4271 1540 4386 spiritus
1612 4268 1986 4356 ardentis
2057 4296 2237 4355 non
2306 4269 2524 4357 nihil
2594 4269 3002 4356 destruat·
3090 4272 3419 4360 inficias
3535 4365 3564 4375 ,

220 4397 493 4496 tamen
563 4408 689 4490 ire
757 4430 933 4490 non
1001 4401 1259 4510 licet,
1327 4402 1736 4488 iaeturam
1806 4399 2042 4486 istam
2114 4419 2288 4487 tam
2358 4400 2820 4519 exiguam,
2887 4416 3028 4508 et,
3095 4402 3155 4488 fi
3223 4432 3416 4492 cre-

215 4541 407 4626 mati
495 4538 954 4649 puritatem
1035 4534 1196 4619 hac
1277 4533 1589 4619 iactura
1678 4523 1905 4642 quast
1989 4532 2582 4620 redimendam
2670 4529 3141 4641 intuearis,
3245 4553 3418 4621 tam

216 4668 500 4783 exigui
582 4668 744 4753 effe
835 4655 1330 4775 momenti,
1433 4681 1528 4749 vt
1594 4662 1776 4749 iure
1846 4662 2338 4775 meritoque
2405 4688 2567 4779 pro
2634 4660 2889 4778 plane
2960 4664 3195 4751 nulla
3265 4665 3426 4753 ha·'

215 4802 383 4893 beri
464 4798 789 4889 debeat.

518 4973 525 4978 ¹
1799 4994 1830 5079 i
1907 5017 1957 5078 2
3127 4991 3202 5107 §.
3273 5018 3440 5108 37‹
