4288 5844
1309 539 1528 671 11³1
1593 554 1972 648 sfro
2043 557 2411 672 rung,
2664 529 2667 534 ’
3355 583 3465 667 55

662 781 1418 906 quam-›citiffime,
1523 789 1876 876 aicohol
1943 790 2121 876 vini
2190 788 2452 899 paulo
2525 788 2893 898 tardius„
2990 788 3246 875 soluit
3310 793 3476 898 ita,

656 935 756 1000 vt
813 909 1280 1029 epiderrnis
1349 917 1649 1005 colore
1685 917 1937 1026 ‘albo
2018 921 2365 1028 prorsus
2432 916 2822 1006 destituta
2864 936 2977 1020 ‚et
3041 919 3472 1031 pellucida

650 1043 1360 1157 relinqueretur-‚2
1465 1081 1486 1100 ·
2570 1041 2575 1048 ’

907 1215 916 1226 “
1603 1222 1614 1230 ’
2792 1225 2837 1272 ὑ

401 1301 506 1415 c)
631 1297 793 1386 His
859 1303 1383 1418 obseruatis,
1483 1303 1956 1415 naphtham
2020 1323 2124 1390 et·
2176 1302 2528 1390 alcohol
2596 1305 2774 1388 vini
2842 1303 2947 1391 ad
3029 1304 3476 1392 saturatio·
3622 1413 3637 1420 -

655 1454 856 1515 nem
919 1457 1220 1546 vsque-
1263 1433 1616 1548 materia
1679 1430 1822 1517 ista
1889 1432 2076 1517 alba
2161 1429 2748 1543 impraegnare
2834 1436 3211 1542 tentaui,
3278 1435 3476 1518 im-

655 1584 1056 1670 mergens
1115 1561 1715 1648 'iis‘-continu0
1808 1555 2127 1646 nouam
2196 1560 2871 1672 epidermidem,
2918 1565 2927 1574 '
2969 1562 3251 1647 donec
3324 1586 3478 1646 co·

531 1745 542 1752 -
655 1684 799 1772 lor
864 1688 1105 1775 albus
1176 1689 1795 1795 cntieula‘rum,
1866 1713 2078 1801 quas
2142 1689 2628 1798 vltimo.iis
2699 1689 3124 1797 immersi,
3194 1689 3476 1776 illiba-‘e

531 1835 548 1840 ·
657 1819 793 1898 tu's
829 1838 1360 1927 remaneret,
1430 1810 1603 1929 qu'd
1644 1815 1915 1924 facte,
1984 1818 2070 1899 in
2139 1816 2721 1902 solutionibus
2790 1813 3205 1902 ambabus
3271 1843 3474 1929 per-

653 1941 911 2052 inde,
982 1970 1077 2030 ac
1142 1946 1231 2028 in
1302 1947 1731 2030 solutione
1802 1947 2200 2030 materiae
2274 1945 2511 2030 albae
2583 1943 3078 2030 cristallinae
3147 1943 3268 2054 (§.
3326 1947 3467 2052 3),

656 2070 1183 2179 spiculorum
1250 2073 1455 2159 hinc
1528 2073 1728 2157 inde
1799 2074 2267 2159 natantium
2314 2073 2656 2157 colore's
2724 2072 3272 2182 prismaticos
3315 2098 3471 2158 ex·-

656 2198 1142 2285 hibentium
1244 2200 1886 2285 multitudinem
2009 2199 2593 2312 midroscopio
2693 2200 3089 2285 aduersus
3194 2199 3474 2286 solem

658 2326 1158 2437 conspexi:.
1216 2329 1306 2416 id
1379 2330 1615 2441 quod
1685 2355 1888 2415 mea-
1944 2331 2296 2442 quidem
2365 2328 2793 2412 sententia·
2843 2329 3471 2415 euidentiffimo

491 2495 498 2501 ·
643 2454 761 2540 est
847 2457 1426 2566 documentp,
1534 2462 1975 2546 materiam
2062 2460 2281 2543 hanc
2367 2456 2644 2541 albam
2711 2456 3474 2569 puluerulentam,

651 2584 794 2668 cui
861 2582 1246 2695 stirpium
1312 2586 1670 2671 Betulae
1743 2586 1984 2671 albus
2069 2587 2221 2670 ille
2304 2585 2556 2669 color
2624 2582 3032 2691 debetur,
3134 2603 3223 2669 et
3264 2613 3473 2673 ‘ma-

419 2731 438 2740 ‘
541 2767 544 2772 -
652 2710 950 2796 teriam
1056 2712 1337 2798 albam
1435 2712 1672 2800 istam
1753 2715 1844 2804 vi
1921 2713 2159 2824 ignis,
2220 2708 2827 2806 ‘cristallisatam
2905 2736 3163 2798 vnam
3267 2741 3469 2802 ean-

656 2839 1031 2952 demque
1101 2839 1267 2931 esse
1336 2837 1902 2928 substantiam.

401 3099 505 3213 d)
636 3096 1092 3190 solutione
1195 3096 1626 3213 naphthae
1731 3098 2259 3187 adminiculo
2359 3097 2568 3189 fasta
2671 3115 2761 3185 et
2839 3099 2928 3184 in
3030 3098 3469 3213 cochleari

589 3230 1058 3341 argenteo
1128 3233 1412 3316 calore
1484 3229 1838 3315 modico
1911 3232 2015 3316 ad
2084 3229 2554 3314 siccitatem
2621 3255 2896 3342 vsque
2964 3252 3473 3344 euaporata,

648 3358 739 3441 in
811 3357 1241 3453 cochleari
1308 3358 1813 3444 remanebat
1895 3348 2169 3443 soluta
2235 3357 2378 3442 illa
2446 3358 2802 3443 materia
2869 3357 3102 3467 alba,
3191 3359 3471 3445 forma

648 3482 1035 3598 pulueris
1122 3478 1342 3594 albi,
1441 3487 1683 3570 cuius
1773 3504 2066 3572 natura
2133 3482 2577 3570 cristallina
2646 3485 2923 3597 oculis
2996 3486 3246 3572 nudis
3317 3514 3477 3573 co·

649 3613 945 3727 gnosci
1032 3616 1345 3725 potuit.
1514 3614 1760 3700 Idem
1841 3616 1933 3699 in
2015 3612 2451 3699 solutione
2535 3615 2935 3700 materiae
3004 3616 3226 3726 ignis
3297 3642 3468 3729 ope

651 3741 1208 3829 cristallisatae
1277 3742 1751 3829 obseruaui.

402 3994 497 4108 e)
623 3997 985 4085 Affristu
1069 3999 1276 4109 leni,
1327 3998 1781 4112 puluerem
1866 3999 2156 4084 album
2245 3996 2804 4110 epidermidis
2875 3998 3235 4087 Betulae
3321 4001 3476 4087 de-

648 4127 838 4211 terfi
910 4129 1338 4213 mediante
1425 4128 1666 4213 serici
1737 4127 1955 4240 nigri
2028 4127 2436 4237 stustulo,
2525 4129 2765 4237 quod
2828 4127 3161 4239 {deinde
3232 4150 3472 4233 tanto

643 4257 870 4367 ignis
977 4256 1242 4345 calori
1329 4255 1738 4367 exposui,
1841 4255 2363 4368 puluisculus
2469 4238 2713 4340 albus
2814 4256 2895 4341 ei
2995 4256 3470 4346 adhaerens

655 4403 753 4468 vt
833 4390 1259 4496 'vaporum
1293 4464 1312 4479 ,
1366 4384 1646 4471 forma
1727 4386 2073 4475 auolare
2160 4385 2634 4497 inciperet,
2746 4410 2922 4496 quo
3009 4384 3284 4494 fatte,
3382 4387 3477 4471 in

647 4510 892 4597 serici
995 4510 1440 4624 superficie
1537 4515 1940 4600 materiae
2042 4512 2332 4622 albae,
2433 4513 2594 4599 hac
2695 4513 2784 4595 in
2892 4512 3466 4602 diflertatione

649 4639 1172 4759 descriptae,
1275 4641 1808 4759 deprehendi
1887 4643 2529 4756 vegetationem
2618 4639 3151 4731 cristallinam
3217 4669 3474 4755 pror-

3332 4768 3466 4854 sus
3588 4868 3595 4875 ‚

1003 4876 1048 4893 'Q'
