4288 5844
750 578 885 661 66
1807 562 2902 666 HISTOIRE.

891 884 897 891 .
1147 800 1223 915 ᾗ.
1297 826 1449 910 34..
1591 801 1733 915 1.)
1808 801 2274 918 Depuratis
2345 832 2412 910 4
2476 802 2833 892 cremati
2900 797 3147 886 libris
3217 780 3790 888 mediantibus
3847 806 3994 885 ,16

750 935 1235 1026 carbonum
1301 933 1688 1046 pulueris
1758 937 2087 1043 vnciis‚
2157 963 2207 1022 a
2282 960 2392 1015 12
2468 936 2819 1025 cremati
2891 932 3145 1019 huius
3233 928 3627 1045 deputati
3707 930 3992 1032 {neiis
4079 958 4086 969 ·

751 1094 1114 1161 ,omnem
1186 1078 1469 1172 tanta3
1545 1083 1857 1178 quanta
1922 1066 2230 1179 potui,
2301 1092 2501 1151 cura
2570 1065 2949 1177 separaui
3016 1068 3359 1179 aquam,
3432 1059 3623 1148 salis
3698 1061 3994 1148 tartari
4093 1102 4104 1135 ·

752 1199 954 1286 ficei
1052 1190 1538 1283 beneficio:
1644 1195 2021 1308 indeque
2136 1220 2246 1297 31
2345 1193 2794 1282 drachmas
2899 1211 2989 1278 et
3083 1216 3198 1275 20
3283 1215 3572 1305 grana·
3648 1190 3995 1306 spiritus

753 1325 1413 1419 reffificatiffimi
1484 1325 2030 1442 summopere
2101 1325 2692 1439 dephlegmati
2762 1323 3128 1412 obtinui.

1162 1524 1310 1638 2.)
1400 1519 1737 1611 Eadem
1802 1523 2134 1612 ratione
2204 1546 2319 1608 ex
2396 1549 2508 1605 12
2577 1523 2853 1610 vnciis
2927 1518 3278 1609 cremati
3350 1545 3524 1606 non
3602 1518 3998 1631 deputati

762 1678 883 1759 32
957 1655 1404 1743 drachmas
1490 1677 1580 1742 et
1674 1683 1786 1742 10
1875 1682 2135 1771 grana
2223 1657 2506 1742 nactus
2577 1654 2764 1743 sum
2834 1654 3171 1768 spiritus
3242 1650 3682 1737 tartarisati
3747 1642 3999 1737 rec't'i'-

758 1785 1236 1872 ficatiffimi.
1390 1782 1537 1874 Ex
1606 1813 1788 1901 quo
1834 1786 2443 1898 consequitur,
2512 1785 2862 1873 cremati
2931 1783 3226 1869 vncias
3304 1808 3418 1863 12
3492 1806 3652 1894 per
3720 1782 4004 1894 depu-

758 1916 1187 2015 rationem
1257 1941 1458 2001 cum
1527 1946 1594 2024 4
1659 1917 2132 2006 carbonum
2203 1918 2588 2030 pulueris
2657 1914 2929 2003 vnciis
3009 1939 3127 2016 50
3188 1936 3659 2025 granorum
3727 1911 3999 1997 iactu-

755 2071 943 2134 ram
1011 2045 1349 2160 spiritus
1419 2048 1796 2133 ardentis
1871 2046 2188 2157 fecisse,
2260 2047 2347 2132 id
2422 2047 2662 2158 quod
2722 2068 2811 2132 et
2849 2047 3047 2130 inde
3087 2042 3745 2154 comprobatur,
3803 2068 4006 2155 gra·
4071 2154 4086 2161 Ρ

758 2176 1064 2263 vitates
1142 2175 1577 2289 specificas
1649 2180 2004 2264 cremati
2075 2205 2256 2263 non
2327 2178 2719 2290 deputati
2788 2177 2848 2267 fi
2918 2178 3414 2286 compare8‚'
3455 2196 3818 2284 quarum
3885 2172 3997 2259 il-

761 2305 1115 2393 lam-ad
1182 2307 1404 2394 hanc
1472 2309 1560 2392 in
1629 2306 1963 2395 ratione
2030 2307 2374 2394 numeri
2454 2332 2693 2393 1000
2766 2307 2872 2392 ad
2950 2324 3191 2401 1008
3261 2301 3572 2414 reperi.

1154 2498 1600 2592 Carbones
1673 2505 1963 2619 itaque
2032 2505 2123 2590 in
2193 2504 2577 2620 spiritum
2653 2507 3101 2590 ardentem
3166 2500 3345 2588 vim
3400 2500 3804 2588 exserunt
3841 2499 4004 2591 de·

760 2632 1351 2740 struRricem‚
1435 2630 1547 2720 et‘
1593 2623 2124 2723 fortitudinis
2196 2634 2271 2746 §.
2347 2660 2498 2738 33.
2568 2653 3098 2721 memoratae
3168 2633 3720 2744 apparentis,
3789 2656 4007 2718 meo

766 2764 1126 2877 quidem
1193 2764 1521 2850 iudicio
1561 2822 1595 2875 ,
1696 2764 1964 2853 caussa
2033 2791 2148 2852 ex
2215 2790 2330 2852 eo
2394 2766 2651 2851 vnic'e
2720 2764 3183 2878 repetenda
3249 2763 3666 2869 videtur,
3756 2763 4038 2877 quod·

760 2914 1047 3008 partes
1122 2894 1477 2982 cremati
1545 2889 2044 3009 spiritu'osae
2117 2920 2166 2982 a
2229 2894 2613 3008 partibus
2666 2891 3803 3008 empyreumatico-oleofis
3842 2913 4006 3006 pet

762 3024 1185 3111 carbones
1255 3025 1752 3113 liberantur.
1891 3024 2204 3115 Certus
2277 3027 2575 3137 igitur,
2647 3026 3001 3113 cremati
3069 3026 3246 3110 vim
3291 3022 3810 3140 carbonibus
3853 3024 4009 3109 de·

760 3151 1084 3241 bilitari
1150 3155 1481 3267 potius,
1555 3183 1813 3269 quam
1880 3157 2210 3269 augeri,
2277 3174 2366 3241 et
2431 3158 2557 3243 rei
2628 3155 2846 3242 mihi
2918 3153 3392 3276 hucusque·
3440 3157 3788 3267 ignotae
3841 3179 4007 3243 no·

628 3366 639 3376 .
761 3285 1030 3372 vitate
1101 3283 1599 3375 commotus
1671 3286 1917 3402 plura
1988 3311 2262 3400 eaque
2319 3286 2634 3373 variata
2689 3285 2860 3375 feci
2899 3286 3363 3371 tentamina
3395 3283 3874 3397 sequentia.

1165 3480 1241 3593 §.
1317 3503 1471 3585 35.
1617 3481 1763 3604 ¹⁶.)
1836 3477 2220 3571 Cremati
2285 3479 2578 3570 vncias
2662 3473 2773 3562 1'2
2847 3465 3393 3568 destillationi
3463 3479 3840 3594 perse,
3909 3478 4007 3566 id

765 3608 916 3719 est,
983 3609 1155 3696 fine
1222 3613 1809 3699 additamento
1853 3613 2390 3719 narbonam,
2462 3612 2842 3714 submifi3
2913 3614 3318 3700 abstracto
3387 3611 3629 3697 omni
3700 3609 4002 3724 spiritu

768 3742 874 3826 ad
974 3739 1442 3828 ficcitatem
1542 3741 1720 3828 fere
1806 3768 2083 3856 Vsque
2190 3767 2295 3827 ne
2366 3742 2451 3827 in
2523 3742 3026 3854 phlegmate
3098 3760 3642 3829 remanerent
3705 3759 3997 3852 partes

763 3868 1298 3985 spirituosae‚
1367 3892 1454 3958 et
1521 3874 1929 3958 omnibus
1996 3871 2381 3988 partibus
2453 3873 2791 3984 aquosis
2847 3901 2893 3959 a
2935 3872 3356 3958 destillato
3396 3872 3650 3960 valde
3682 3868 4004 3983 phleg-

766 4000 1090 4088 matico
1178 4026 1349 4112 ope
1439 4001 1629 4089 salis
1700 4003 1987 4089 tartari
2057 4001 2252 4087 ficei
2325 4001 2773 4114 separatis3
2886 4027 2995 4105 31
3079 4003 3528 4094 drachmas
3603 4026 3802 4090 cum
3870 4021 3990 4107 45

767 4123 1052 4244 'granis
1090 4127 1460 4245 ‘spiritus
1533 4132 2187 4220 refiificadffimi
2254 4117 2690 4218 tartarisati
2761 4132 3137 4220 obtinui.

1160 4324 1310 4436 2.)
1376 4324 1832 4414 Abstraffls
1915 4353 2025 4408 12
2100 4328 2452 4426 cremati
2521 4327 2800 4413 vnciis
2866 4327 3118 4440 super
3182 4326 3642 4438 aequalem
3691 4322 4001 4414 carbo-

770 4480 983 4543 num
1050 4455 1433 4567 pulueris
1510 4459 1852 4569 copiam
1922 4460 2028 4544 ad
2097 4459 2565 4546 ficcitatem
2632 4485 2946 4571 Vsque,
3016 4460 3579 4570 detractisque
3615 4456 4002 4570 partibus

772 4585 1108 4698 aquofis
1180 4584 1368 4675 salis
1426 4587 1723 4696 ‘tartari
1796 4587 2278 4692 benefici03
2358 4609 2468 4682 28
2528 4589 2972 4675 drachmas
3048 4614 3247 4673 cum
3318 4588 3601 4701 granis
3639 4610 3754 4692 45
3833 4585 4002 4699 spi-

772 4716 986 4801 ritus
1057 4715 1495 4803 tartarisati
1563 4720 1924 4828 adeptus
1992 4717 2208 4808 sum.
2373 4718 2576 4803 Hoc
2648 4721 2734 4802 in
2807 4723 2998 4805 casu
3066 4745 3346 4848 ergo,
3461 4744 3571 4799 12
3644 4714 4004 4803 cremati

765 4848 1071 4936 vnciae
1143 4871 1192 4952 3
1271 4846 1877 4938 drachmarum
1908 4927 1913 4936 .
1946 4848 2283 4966 spiritus
2354 4847 2730 4936 ardentis
2801 4849 3419 4939 detrimentum
3465 4848 3739 4963 paffae
3780 4846 4006 4956 sunt,

3785 5002 4009 5093 quae
