4288 5844
1867 585 2178 643 εξ·-
2239 553 2555 669 (24⁶)
2618 582 2943 638 ===

787 788 944 906 i‘pfi
1022 813 1140 878 ex
1209 785 1386 876 —hac
1470 802 1700 874 certe
1782 804 2025 900 parte
2110 787 2379 873 fidem
2463 788 3054 874 adhibeamus.
3184 778 3565 871 Interim·
3626 778 4033 869 enistum·

782 923 1044 1009 etiam
1113 918 1280 1028 est,
1346 916 1941 1031 experimenta
2007 917 2260 1031 ipfius
2321 943 2521 1001 cum
2572 915 3191 1029 experimentis
3247 922 3744 1000 ceterorum
3799 912 4014 998 che-

784 1055 1218 1137 micorum
1286 1075 1463 1134 non
1533 1048 2061 1157 conuenire,
2139 1066 2230 1133 et
2294 1045 2352 1132 fi
2420 1048 2741 1159 aliquid
2810 1050 2898 1132 in
2967 1044 3140 1131 illis
3208 1046 3396 1130 veri
3461 1046 3719 1149 effet,
3780 1067 4001 1128 mus

789 1202 1021 1267 certe
1108 1205 1230 1267 ex
1291 1179 1891 1266 chemicorum
1963 1178 2333 1264 cohorte
2421 1176 2657 1262 idem
2748 1176 3331 1264 affirmauerit.
3464 1172 3639 1265 Sed
3711 1173 4009 1259 omnia

783 1311 876 1397 in
943 1308 1103 1396 illo
1174 1334 1484 1423 negare
1550 1308 1686 1395 ob.
1739 1309 2332 1396 auctoritatem
2402 1306 2587 1392 eius
2657 1331 2834 1393 non
2901 1305 3192 1392 ausim.

1171 1500 1616 1612 Felicior,
1719 1521 1814 1589 vt
1896 1503 2112 1589 mihi
2203 1502 2609 1610 videtur,
2717 1501 2800 1587 in
2875 1500 3274 1610 chymica
3355 1494 3743 1612 lapidum
3808 1519 4017 1609 per·

783 1624 1265 1720 scutatione
1351 1651 1531 1718 erat
1615 1630 1727 1719 cl.
1802 1630 2299 1722 Gerhardus
2385 1633 2518 1718 vir
2605 1633 3018 1746 dignitate
3108 1657 3205 1717 ac
3292 1630 3534 1715 omni
3623 1625 4038 1712 doctrina

784 1752 1210 1872 ornatus,
1319 1764 1465 1875 qui
1555 1780 1786 1849 certa
1871 1760 2402 1875 experientia
2493 1761 2757 1848 fretus
2828 1760 3346 1851 Schoerlum
3410 1776 3756 1872 praeter
3834 1752 4010 1840 fer·

782 1913 979 2006 rum
1048 1911 1140 1978 et
1206 1908 1539 1998 terras,
1640 1891 2106 2002 (quarum
2162 1893 2627 1978 maximam
2712 1858 3046 2005 partem
3134 1889 3574 2004 particulis
3638 1876 4043 1973 Amianae

784 2000 1037 2108 thum
1109 2019 1823 2108 constituentibus
1863 2021 2380 2110 fimillimam
2450 2021 2611 2107 effe
2680 2015 3030 2132 censet)
3099 2018 3315 2106 nihil
3385 2016 3813 2104 contineri
3880 2008 4013 2100 af-

781 2138 1097 2239 ffrmat.
1246 2146 1475 2237 Cum
1563 2152 1932 2262 granatis
2022 2170 2308 2238 tamen
2400 2153 3058 2263 quodammodo
3142 2146 3678 2237 confundisse
3764 2143 4013 2242 vide-

783 2300 951 2367 tur.
1117 2272 1288 2368 Sed
1359 2278 1417 2362 fi
1495 2281 1641 2391 qui
1730 2297 1935 2367 tunc
2021 2283 2570 2395 irrepuerunt
2653 2307 3061 2389 erroreS‚
3166 2299 3408 2370 certo
3500 2302 3809 2364 omnes
3876 2273 4016 2361 vit

779 2410 937 2497 ille
1001 2407 1542 2526 petitiffimus
1614 2411 2180 2520 emendauit‚
2253 2413 2720 2521 emendat,
2789 2430 3045 2523 atque
3114 2411 3725 2496 emendaturus
3796 2403 3943 2491 est:

1169 2601 1540 2692 Accedo
1609 2630 1837 2692 nunc
1907 2604 2011 2691 ad
2081 2605 2360 2691 celeb.
2432 2606 3045 2714 Kirwannum‚
3150 2604 3298 2718 qui
3377 2610 3779 2723 maguam
3846 2624 4025 2687 no-

785 2690 988 2839 b'is,
1084 2746 1186 2819 vt
1265 2733 1353 2819 in
1422 2735 1610 2822 aliis
1684 2736 2041 2844 studiis,
2141 2735 2251 2820 fic
2324 2756 2412 2820 et
2477 2737 2565 2820 in
2634 2764 2726 2824 re
2797 2735 3425 2847 mineralogica
3497 2733 3782 2821 lucem
3867 2738 4055 2816 aiz--

789 2859 1154 2973 cendit,
1262 2863 1684 2976 cuiusque
1755 2865 2156 2952 fossilium
2229 2864 2746 2954 claffificatio
2816 2868 3132 2954 merito
3206 2865 3560 2954 caeteris
3627 2862 4047 2978 praefer·

789 3010 1002 3101 tur,
1078 2994 1469 3105 quamuis
1536 2997 1625 3079 in
1697 2997 2228 3083 accuratiore
2297 3024 2602 3083 eorum
2689 2997 3195 3082 definitione
3265 2995 3535 3082 multa
3599 2989 4051 3079 mutanda:

788 3118 937 3206 vel
1003 3120 1266 3207 etiam
1332 3124 1723 3210 addenda
1790 3125 1974 3210 fint.
2141 3124 2610 3211 Schoerlus
2682 3128 2937 3213 hui’us
3006 3127 3163 3211 est‘
3208 3127 3422 3236 lapis
3491 3124 3596 3213 ad
3668 3121 4053 3209 clafl‘em,

788 3247 1283 3338 siliceorum
1349 3252 1948 3361 referendus‚-
1987 3279 2244 3366 quem
2311 3257 2399 3340 in
2469 3256 2647 3341 duo
2718 3282 3030 3368 genera
3102 3252 3521 3362 distribuit
3560 3282 3629 3353 3-
3689 3253 4057 3339 horum-

791 3379 1154 3468 alterum
1195 3439 1226 3490 ‚
1300 3382 1447 3494 qui
1516 3383 1632 3468 est
1700 3383 2373 3494 quindecimus,
2452 3387 3058 3497 complectitur
3125 3385 3645 3475 Schoerlum
3715 3401 4047 3467 totum·

795 3525 1213 3621 quantum
1256 3510 1789 3621 ‚„alterum‚
1860 3513 2008 3623 qui
2078 3514 2196 3598 est
2266 3514 2655 3601 decimus
2722 3516 3061 3623 sextus,
3134 3517 3283 3626 qui
3326 3516 3581 3626 'apud
3655 3512 4053 3601 Germa*⁴

789 3665 951 3724 nos
1024 3639 1174 3740 sub
1244 3640 1626 3726 nomine
1639 3638 2275 3753 Stangenscho'rl
2340 3645 2604 3728 venit.
2743 3645 2912 3730 Sed
2986 3645 3595 3732 celeberrimus
3667 3643 3807 3728 hic
3876 3638 4069 3727 vir?

792 3768 883 3864 in
971 3767 1448 3879 specierum
1533 3791 1793 3904 atque
1876 3772 2383 3859 varietatum
2469 3773 2869 3864 Schoerli
2955 3774 3492 3862 enarratione
3558 3772 3679 3860 est
3759 3782 4035 3858 com-³

792 3897 1291 4010 pendiosus.

1180 4079 1775 4205 B'ergmannus
1850 4094 2272 4211 denique,
2345 4098 2492 4212 qui
2566 4097 2936 4184 multum
3010 4099 3208 4186 cu'm
3222 4083 3763 4185 Kir'wan'no
3794 4105 4079 4183 ωηο·

795 4215 1086 4330 venit,
1160 4220 1271 4308 fic
1340 4222 1857 4312 Schoerlum
1929 4228 2382 4313 defininit:
2458 4227 2723 4342 Quod
2795 4227 2905 4315 fit
2960 4228 3296 4348 Argilla
3365 4225 3676 4316 Sicilea
3746 4227 4024 4313 difini-

799 4341 1043 4435 dium
1114 4347 1294 4438 fere'
1359 4355 1774 4465 ponderis
1855 4356 1999 4441 vel
2085 4358 2305 4445 vltra
2373 4358 2755 4474 efficiens¹
2828 4379 2915 4494 et
2981 4360 3370 4474 pauxillo
3412 4358 3696 4447 calcis
3770 4382 4027 4445 aera-

793 4477 938 4594 tae
1019 4467 1366 4574 intime
1409 4482 1717 4569 iuncta.
1789 4484 2205 4606 (Sciagr.
2277 4485 2550 4600 Regu.
2627 4491 2834 4573 min.
2932 4487 3004 4602 §.
3086 4487 3437 4601 ιεο.).“
3571 4485 3670 4578 In
3748 4479 4077 4573 variis·

790 4635 1063 4724 porro
1117 4605 1863 4701 differtationibus
1905 4672 1936 4724 ,
2043 4618 2669 4705 accuratiffimis
2754 4619 3368 4736 experimentis
3428 4627 3546 4704 et
3586 4615 4032 4709 obser'ua-

791 4731 1183 4831 tionibus
1249 4739 1652 4836 Schoerli
1717 4770 2012 4835 veram
2069 4748 2503 4840 Naturam
2572 4747 2825 4839 nobis
2892 4750 3288 4896 ostendit.

3840 4881 4075 5031 His’
