4288 5844
1323 539 2409 712 HIST'OIREJA
3094 562 3515 653 ‘··61

1413 839 1416 844 -
1538 784 1702 876 Sal
1762 799 2034 875 cornu·
2067 791 2311 878 cerui.

647 907 781 1034 j.
831 938 979 1001 12.
1113 909 1258 1005 Sal
1326 942 1593 1004 cornu
1667 920 1903 1005 cerui
1968 946 2273 1006 verum
2343 914 2717 1005 obtineri
2786 919 3290 1022 albiffimum
3357 953 3545 1038 po-x

267 1042 516 1152 -test,
588 1042 650 1129 fi
720 1071 942 1132 cum:
986 1046 1907 1161 partibus'aequalibus
1978 1050 2362 1161 pulueris
2409 1049 2878 1137 carbonum
2950 1052 3224 1166 probe
3286 1056 3527 1145 mix-

305 1190 505 1258 tum
567 1192 962 1304 retortae„
1009 1175 1572 1285 immittatur,
1657 1197 1747 1262 et
1812 1177 2159 1291 reliquo
2225 1194 2598 1267 retortae
2667 1179 2935 1290 spatio
3006 1182 3520 1271 carbonibus

251 1387 256 1396 ,
305 1301 861 1415 groffiuscule
923 1307 1014 1390 in
1082 1306 1535 1420 puluerem
1600 1307 1956 1426 redac'tis
2022 1308 2419 1421 replete,
2503 1307 2953 1398 destillatio
3020 1311 3517 1401 instituatur.

687 1576 691 1580 ,
853 1496 862 1504 ’
1117 1483 1476 1584 'Flores
1540 1494 1894 1584 Benzoes
1959 1519 2035 1586 et
2077 1499 2228 1615 sql
2268 1499 2608 1615 succini.
3244 1577 3249 1582 ,

703 1623 777 1735 §.
855 1649 1001 1729 13.
1138 1621 1417 1716 Simili
1500 1628 1925 1713 methodo
2029 1629 2164 1739 (§.
2245 1631 2448 1739 12.)
2550 1631 2896 1742 purgari
2965 1659 3011 1718 a
3074 1633 3515 1745 particulis

307 1755 1127 1866 empyreumaticos
1163 1755 1530 1866 oleofiS‚
1631 1757 2188 1871 albiffimique
2272 1758 2524 1844 reddi
2590 1761 2929 1869 possunt
2994 1748 3311 1870 flores,
3405 1761 3518 1852 fic

311 1881 610 1991 dicii,
639 1875 1036 1974 Benzoes
1110 1903 1198 1971 et
1267 1883 1379 1972 sal
1445 1885 1814 1996 succini,
1876 1885 2187 2000 quibus
2258 1893 2541 1973 t'amen
2613 1887 2952 1974 duobus
3005 1888 3311 1974 salibus
3348 1891 3521 1975 aci-

309 2013 443 2100 dis
511 2009 808 2100 solidis
877 2008 1408 2121 cauendum,
1481 2042 1587 2101 ne
1660 2016 1911 2100 nimis
1981 2017 2212 2126 larga
2282 2015 2754 2100 carbonum
2825 2019 3181 2138 addatur
3250 2044 3521 2130 quan-

261 2143 557 2254 ,titas,
630 2131 851 2256 quos
922 2144 1243 2232 scilicet
1312 2141 1843 2234 ‘destructrice
1905 2146 1999 2229 in
2069 2172 2168 2230 ea
2236 2143 2323 2231 vi
2392 2141 2735 2261 pollere
2792 2133 3105 2257 reperi.

1523 2337 1600 2422 A
1607 2338 1864 2422 culum
1934 2339 2375 2422 tartari..

699 2463 774 2576 §.
823 2491 968 2572 14.
1068 2463 1330 2552 Acidi
1402 2470 1682 2551 tartari
1754 2492 1800 2550 e
1870 2465 2109 2550 libris
2186 2491 2304 2566 30
2376 2465 2930 2551 cristallorum
3020 2470 3304 2553 tartari
3392 2470 3520 2556 se-

304 2591 578 2706 parati
647 2592 866 2678 dofis
936 2612 1117 2680 tota
1184 2592 1371 2705 post
1418 2619 1529 2702 17
1603 2596 1808 2680 iam
1841 2596 2096 2683 horas
2172 2595 2383 2704 igne
2471 2596 2987 2679 vehemente
3060 2598 3522 2686 cristallisa-

265 2723 574 2806 ,tionis
640 2723 1050 2834 punc‘tum
1122 2720 1578 2809 consecuta
1645 2723 1804 2824 est3
1879 2726 2112 2833 quod
2189 2724 2389 2822 alias
2447 2721 2775 2840 absque
2826 2722 3298 2810 carbonum
3366 2730 3515 2813 ad-

259 2855 782 2957 ,ditamento
863 2878 980 2961 14
1046 2854 1381 2959 dierum
1471 2852 1680 2965 quin
1762 2854 2078 2937 maius
2091 2852 2542 2963 temporis
2626 2835 3265 2963 interuallum‚·
3337 2881 3515 2942 am-

259 2981 710 3081 ,bustionis
757 2985 1416 3094 praecauendae
1487 2984 1802 3091 cauffa,
1871 2980 2264 3094 postulat.
2390 2979 2586 3093 Qua
2648 2982 2737 3064 in
2806 3005 2899 3066 re
2965 3001 3267 3068 notatu
3323 2985 3511 3096 dig-

249 3138 508 3201 .num
576 3113 972 3221 videtur,
1069 3113 1469 3197 lixiuium
1559 3107 1750 3196 salis
1837 3112 2091 3195 huius
2180 3108 2578 3199 colorem
2662 3107 3168 3195 a-lbiffimum
3234 3140 3506 3223 aquae

251 3241 684 3341 ‚similem
734 3243 1055 3351 absque
1126 3241 1293 3328 vlla
1365 3239 2034 3350 empyreumatis
2121 3237 2851 3328 contaminatione
2937 3241 3439 3329 co‘nseruare
3479 3301 3511 3353 ‚

255 3371 509 3461 ,licet
572 3371 782 3459 vafis
847 3370 1206 3457 interno
1258 3372 1557 3482 parieti
1629 3369 1893 3471 crusta
1959 3366 2144 3455 salis
2219 3369 2441 3453 acidi
2545 3362 2878 3475 tartari,
2979 3394 3277 3454 arenae
3361 3396 3515 3455 ve·

247 3496 1045 3599 hemena-carme
1112 3499 1483 3588 ambusta
1547 3497 1891 3612 prorsus
1966 3513 2056 3581 et
2123 3497 2418 3608 nigra,
2486 3496 2769 3583 adfixa
2839 3496 3503 3608 conspiceretur.

1505 3689 1901 3777 Tartarus
1968 3688 2284 3773 cru'dus.
2994 3758 3001 3763 .

693 3821 768 3937 §.-
833 3824 992 3926 ἰς.
1095 3821 1510 3908 Tartarus
1585 3822 1897 3905 crudus
1941 3817 2414 3904 carbonum
2465 3843 2635 3931 ope
2709 3815 3125 3927 deputari·
3172 3836 3263 3903 et
3323 3819 3505 3934 pri·

289 3950 486 4040 vari
552 3950 852 4053 colore
921 3951 1073 4039 suo
1143 3942 1418 4064 potest
1491 3972 1744 4064 quam
1816 3944 2253 4032 facillime.

1295 4141 1580 4227 Oleum
1648 4130 1994 4268 animale
2059 4134 2450 4250 Dippelit'.

690 4264 764 4383 ς.
846 4278 989 4356 ι6.
1108 4269 1453 4379 Tribus
1509 4270 1682 4359 olei
1752 4254 2056 4363 cornu
2091 4266 2327 4353 cerui
2395 4258 2636 4351 libris
2708 4267 2914 4355 duas
2986 4264 3244 4352 libras
3309 4267 3511 4380 pul-

279 4399 529 4490 veris
617 4388 1087 4487 carbonum
1175 4394 1630 4506 admiscui,
1733 4418 1826 4485 et
1900 4394 2308 4483 immiffae
2391 4394 2479 4478 in
2571 4394 3103 4485 cucurbitam
3200 4384 3504 4485 maffae

235 4532 511 4623 ,duas
546 4524 809 4619 libras
877 4529 1256 4642 pulueris
1332 4526 1804 4617 carbonum
1873 4502 2117 4638 super
2184 4524 2604 4635 imposui3
2674 4523 3292 4649 adplicatisque
3361 4527 3512 4611 ad-

278 4656 715 4771 plicandis
787 4654 1466 4745 destillationem
1512 4656 1944 4765 adgreffus
2009 4655 2218 4740 sum.
2306 4647 2636 4740 Oleum
2703 4650 3064 4737 animale
3119 4632 3510 4763 Dippelii

280 4788 676 4874 mirum
722 4813 979 4898 quam
1078 4787 1426 4903 difficile
1525 4784 1956 4897 stillabat,
2056 4785 2228 4893 ita,
2328 4800 2425 4866 vt
2522 4762 2700 4866 non
2802 4779 3184 4868 obstante
3286 4778 3511 4866 sum-

1795 4936 1804 4945 ·
1976 4911 2037 4998 h
2111 4936 2163 5015 3
2272 4942 2279 4947 ·
2555 4954 2572 4973 ,
2756 4934 2764 4943 ·
3368 4936 3509 4998 ma
