4288 5844
1977 563 2291 624 m
2351 529 2667 650 (260)
2730 560 3037 620 m

883 771 1226 862 culares
1294 778 1754 882 penetrat,
1859 787 2256 874 quaeque
2322 762 2747 879 inermem
2815 760 3174 845 oculum
3242 754 3529 868 fugit,
3634 746 4114 841 microsco·
4218 780 4219 789 ¹

888 905 1045 1018 pio
1116 901 1297 985 sum
1365 897 1896 1009 prosecutus.
2029 891 2346 1000 Neque
2416 914 2611 988 eam
2679 888 3029 1000 neglexi
3069 949 3100 996 ,
3173 911 3392 1001 quae
3460 912 3509 970 a
3576 887 3899 996 magnis
3972 908 4113 969 ar-

898 1033 1138 1117 teriis
1209 1028 1490 1114 laxior
1559 1022 1853 1108 senfim
1920 1019 2393 1130 sensimque
2462 1017 2701 1124 abit,
2783 1030 3101 1131 easque
3173 1039 3372 1100 cum
3438 1015 3815 1126 partibus
3879 1012 4112 1098 vici·

891 1163 1026 1246 nis
1101 1154 1599 1262 connectit,
1700 1176 1988 1262 neque
2052 1173 2310 1255 eam,
2395 1172 2559 1257 qua
2629 1148 2964 1245 tunicae
3033 1145 3454 1231 viscerum
3526 1142 4111 1231 tunicatorum

892 1289 1120 1372 inter
1201 1286 1281 1371 se
1367 1285 1912 1387 cohaerent,
2012 1295 2162 1364 aut
2246 1301 2415 1385 qua
2500 1273 3042 1361 membranae
3114 1277 3391 1361 variae
3461 1272 3646 1359 aliis
3719 1269 4103 1386 partibus

893 1419 1480 1503 annectuntur.
1616 1408 1973 1520 Vbique
2043 1404 2545 1491 continuam
2611 1400 3226 1515 semifluidam,
3288 1401 3432 1488 vel
3502 1400 4107 1513 conglutinan-

895 1563 1077 1631 tem
1163 1542 1307 1628 vel
1391 1540 2044 1628 connecte-ntem
2086 1594 2120 1648 ,
2220 1531 2752 1621 substantiam
2834 1535 3180 1650 reperi·
3151 1595 3179 1639 ‚
3283 1530 3786 1618 cellulosam
3886 1554 4104 1663 nun-

897 1699 1159 1789 quam
1228 1671 1433 1757 vidi.

1288 1862 1365 1976 §-
1442 1890 1524 1969 3·
1660 1860 1782 1950 Et
1850 1878 2134 1950 tamen
2203 1858 2379 1949 vix·
2422 1856 2597 1961 vlla
2677 1884 2873 1973 pars
2914 1919 2944 1969 ‚
3052 1877 3215 1949 aut„
3277 1850 3718 1953 substantia
3788 1876 4100 1966 corpo·

890 1992 1066 2101 ris»,
1139 1999 1431 2080 notior
1497 1993 1613 2079 est
1653 1995 2179 2079 anatomicis
2253 1978 2684 2076 cellulosa.
2732 2062 2743 2075 .
2794 1990 3359 2076 In·omnium
3420 2006 3716 2073 mente
3768 2003 3861 2069 et
3896 2009 4103 2071 ocu·

895 2123 1007 2207 lis
1078 2123 1222 2207 est.
1362 2122 1655 2209 Nemo
1713 2148 1902 2233 non
1974 2144 2166 2208 eam
2239 2119 2632 2231 quotidie
2696 2120 2990 2227 videt,
3060 2121 3401 2227 tractat,
3471 2118 3866 2222 dissecat,
3937 2111 4101 2198 sol-

894 2252 1027 2335 vit
1112 2252 1214 2335 ab
1303 2251 1486 2336 aliis
1575 2250 1955 2363 partibus
2042 2271 2132 2335 et
2213 2242 2523 2340 aufert.
2662 2247 3085 2333 Videmus
3178 2247 3438 2333 cellas
3508 2246 3597 2328 in
3683 2232 3857 2329 bac'
3915 2241 4102 2325 sub-

793 2454 798 2458 .
893 2379 1188 2464 stantia
1253 2398 1344 2462 et
1412 2379 1905 2465 cellulosam
1976 2398 2470 2485 texturam,
2480 2376 3116 2487 ·lamellasque
3187 2378 3370 2460 eius
3438 2394 3529 2458 et
3594 2372 3758 2457 lata
3830 2370 4099 2478 folia,

896 2524 1048 2625 aut
1112 2506 1254 2594 fila
1342 2508 1693 2594 tradiilia
1778 2526 1869 2592 et
1949 2506 2391 2592 interstitia
2471 2506 2797 2645 longa,
2904 2507 3540 2631 quamprimum
3612 2499 4101 2629 scalpellum
4218 2594 4219 2597 ι

896 2628 1251 2759 corpori
1357 2637 1960 2721 admonemus·
2125 2632 2312 2722 Vbi
2378 2630 2715 2735 cutem
2776 2618 3351 2740 ᾰίίΪεειιὲιίε,“
3427 2622 3834 2717 cellulosa
3924 2616 4099 2734 est,

903 2788 1122 2877 quae
1240 2764 1614 2877 primum
1736 2765 1817 2851 se
1943 2764 2227 2851 offert.
2401 2744 3115 2908 Quamcunque
3157 2782 3488 2876 partem
3608 2770 4097 2870 praeparare

894 2896 1066 2980 ati
1096 2894 1928 2981 demonstrationem
1955 2892 2443 3002 volueris»,
2520 2908 2713 3016 ex
2729 2890 3175 2978 c'elhssosa
3223 2904 3323 2978 'e'a
3405 2889 3891 2975 euoluenda
3954 2884 4095 2970 'est-

899 3021 1146 3108 Haec
1216 3048 1522 3108 omnes
1594 3045 1876 3134 partes
1949 3022 2547 3108 membrorum
2615 3011 3004 3134 corporis
3077 3019 3514 3140 ἰιιιιοῙιιίι,
3602 3033 3909 3101 omnes
3980 3015 4102 3097 in-

897 3167 1035 3233 ter
1118 3147 1199 3233 se
1288 3153 1718 3266 connectit
1803 3168 1891 3233 et
1974 3151 2576 3260 conglutinat,
2660 3161 2984 3236 omnes
3072 3131 3637 3252 abscondit3
3656 3164 3780 3229 vt
3861 3139 4097 3256 prac-

895 3278 1230 3391 p'aratio
1302 3280 1777 3364 anatomica
1845 3279 2066 3363 nihil
2134 3278 2369 3363 aliud
2434 3280 2612 3362 fere
2682 3280 2844 3385 fit,
2900 3273 3205 3388 quam
3290 3276 3774 3366 enucleatio
3842 3270 4095 3396 partis

898 3405 1260 3491 alicuius
1330 3432 1444 3492 ex
1514 3405 1950 3492 cellulosa.
2095 3403 2387 3518 Quare
2459 3426 2546 3489 et
2613 3406 2787 3492 sola
2858 3405 3258 3493 cellulosa
3326 3431 3426 3492 ea
3494 3393 3677 3487 fere
3742 3389 4095 3486 substan-

898 3535 1015 3628 ιιιι
1086 3533 1264 3641 est,
1373 3561 1586 3645 quae
1656 3561 1835 3620 non
1891 3553 1998 3619 vt
2065 3536 2275 3619 aliae
2344 3552 2627 3645 partes
2698 3553 2913 3620 arte
2939 3536 3413 3652 praeparari
3497 3531 3714 3650 solet
3784 3531 3884 3614 ad
3951 3554 4094 3615 co·

902 3663 1400 3788 guidonem
1478 3682 1568 3750 et
1655 3663 2494 3788 demonstrationem.
2622 3664 2897 3774 Nam
2945 3663 3171 3780 satis}
3225 3666 3707 3784 superque
3734 3659 3938 3744 haec
4017 3659 4092 3741 se

901 3787 1078 3916 ipsa
1123 3775 1684 3918 manifestat,
1716 3818 1932 3910 quae
1997 3792 2530 3910 remouenda
2597 3767 2919 3877 scilicet
2967 3789 3319 3916 vbiq'ue
3338 3792 3467 3886 fit
3518 3763 3804 3908 ¹multo
3867 3784 4090 3912 saepe

905 3907 1204 4040 labore
1247 3922 1436 4030 ad
1485 3941 1841 4033 parteS,
1909 3947 2149 4042 quas
2212 3920 2761 4042 quaerimuS,
2830 3889 3381 4040 detegenda}
3419 3903 3505 4008 et
3546 3895 4088 4006 obtinendas.

903 3989 1294 4154 'Verum‘
1318 4051 1556 4152 haec:
1598 4049 1771 4162 ipsa
1844 4031 2082 4136 causa
2147 4049 2364 4132 mihi
2451 4053 2613 4142 efle
2697 4035 3105 4161 videtur,
3207 4075 3360 4135 cur
3416 4045 3770 4136 tamdiu
3854 4031 4083 4131 nobi's
4218 4025 4219 4078 ³

903 4174 1188 4262 fallax·
1251 4193 1589 4298 textura
1676 4177 2083 4264 cellulosa
2163 4177 2546 4263 illuserit.

1231 4370 1372 4482 ·§.
1444 4400 1534 4475 4..
1641 4370 1881 4454 Non
1917 4373 2239 4457 aliter
2232 4373 2489 4457 enim
2560 4373 2770 4457 baec
2839 4371 3303 4459 substantia
3344 4359 3892 4469 obser-untur,
3948 4362 4085 4449 nifi

911 4498 1132 4582 dum-
1159 4498 1408 4584 duae
1443 4517 1725 4648 partes
1797 4483 2363 4610 detegendae
2396 4521 2487 4586 et
2553 4502 3252 4613 cognoscendae,
3302 4504 3463 4586 ·v‘el
3526 4497 4086 4584 ‘demonstran-

911 4626 1137 4732 ἀπ,
1203 4627 1527 4712 ex¹illa
1585 4613 2155 4712 euolu‘untun
2234 4631 2482 4715 rHoc
2554 4643 2838 4716 autem
2904 4649 3000 4715 vt
3065 4635 3261 4715 rite-
3248 4629 3502 4735 fiat,
3562 4627 3907 4718 necesse
3958 4623 4082 4728 est,

903 4771 1006 4840 vt
1083 4754 1418 4844 laxior
1429 4735 2016 4884 molliorque
2064 4778 2159 4845 et
2242 4761 2592 4924 mobilis
2682 4761 3121 4849 substantia
3160 4820 3191 4873 ,
3299 4689 3760 4876 quominus
3812 4741 4080 4968 maltro

1088 4925 1174 4936 ··
2107 4929 2138 4938 v
3704 4975 3719 4980 ,
3792 4914 3888 4979 ce
3949 4900 4085 4995 at,
