4288 5844
1267 520 2331 642 ==(217)='-·-··=
2501 552 2511 560 ·

1687 747 1901 838 DE

353 924 874 1040 ORDINE
928 854 1590 1038 FmRARvM
1649 872 2643 1049 MVSCVLARIVM
2707 933 3224 1051 conms.

929 1176 938 1185 ·
1096 1121 2171 1253 Dissertatio
2313 1127 2475 1253 X.

1683 1395 1879 1488 DE

217 1575 1084 1732 STRATO
1165 1578 2170 1735 SECVNDO
2251 1578 3390 1748 FIBRARVM

903 1816 1860 1914 VENTRICVLI
1958 1824 2639 1924 SINISTRI.

1474 2003 1900 2116 PARS
1997 2007 2075 2114 1

1580 2274 1973 2369 Auctore

1324 2465 1431 2553 e.
1515 2464 1622 2553 F.
1711 2465 2213 2568 WOLFF.
2330 2424 2337 2431 ’

884 2769 1258 2857 Conuent.
1326 2766 1605 2855 exhib.
1674 2771 1804 2855 die
1876 2794 1925 2850 2
1942 2788 1988 2863 8
2060 2767 2294 2879 Sept.
2377 2795 2413 2849 1
2433 2796 2487 2877 7
2503 2788 2547 2860 8
2555 2800 2649 2874 9.

193 3145 717 3388 Quamuis
805 3291 913 3380 de
999 3288 1265 3382 stratis
1347 3289 1759 3379 fibrarum
1842 3288 1934 3377 in
2020 3288 2512 3381 vniuersum
2593 3287 2767 3381 iam
2833 3290 3373 3410 scripserim}

188 3427 384 3513 varia
448 3445 742 3511 tamen
811 3423 1043 3508 haud
1108 3421 1351 3535 parui
1421 3420 1849 3508 momenti
1920 3423 2029 3508 de
2097 3421 2645 3535 dispositione
2712 3449 3023 3510 eorum
3056 3427 3147 3509 in
3186 3425 3378 3512 vni-

184 3557 487 3642 versum
565 3553 1002 3640 monenda
1068 3552 1348 3637 adhuc
1419 3549 1835 3664 superesse
1899 3549 2194 3636 video.
2324 3550 2566 3637 Haec
2635 3569 2974 3665 tamen,
3055 3554 3181 3640 vti
3249 3556 3441 3642 fa·.

185 3685 402 3774 tilius
471 3682 1110 3795 intelligentur,
1176 3679 1627 3793 postquam
1693 3676 2105 3793 singulae,
2179 3704 2398 3790 quae
2468 3679 2874 3772 fabricam
2941 3679 3381 3770 ventricu-

171 3811 426 3901 lorum
492 3813 1132 3927 ingrediuntur,
1200 3808 1608 3895 fibrarum
1675 3809 1986 3896 fasciae
2054 3826 2143 3894 et
2211 3806 2636 3919 fascIculi,
2705 3836 2922 3923 quae
2957 3831 3367 3925 tanquam

172 3948 520 4031 totidem
594 3941 917 4028 scilicet
987 3936 1288 4025 diuerfi
1353 3936 1730 4023 musculi
1799 3937 2458 4033 considerandae
2535 3942 2796 4050 sunt,
2902 3941 3375 4057 descriptae

167 4092 440 4177 erunt3
551 4073 658 4159 ad
722 4070 1204 4185 postremos
1270 4065 1615 4154 labores
1685 4065 2028 4154 reseruo
2069 4125 2101 4176 ,
2191 4065 2505 4180 quibus
2570 4085 2659 4152 et
2725 4067 2888 4155 alia
2954 4071 3363 4186 plurima,

161 4205 288 4289 vel
351 4200 810 4317 augenda,
909 4197 1053 4285 vel
1120 4195 1667 4308 corrigenda,
1734 4194 2273 4309 super-futura
2339 4196 2568 4306 effe,
2651 4198 2945 4284 nullus
3017 4198 3359 4287 dubito.

164 4329 356 4448 Quo
424 4331 706 4444 magis
775 4330 1022 4416 enirn-
1073 4326 1165 4412 in
1232 4325 1613 4412 eruenda
1680 4322 1997 4414 fabrica
2065 4324 2352 4412 cordis
2423 4327 2981 4438 progredior,
3017 4353 3128 4412 eo
3162 4328 3363 4441 plu‘-

154 4489 234 4549 ra
296 4464 725 4552 continuo
794 4458 876 4544 se
943 4454 1260 4543 offerre
1325 4455 1590 4540 video
1658 4456 2087 4562 eruenda,
2156 4479 2442 4565 eoque
2511 4457 2880 4541 maiores
2954 4455 3135 4542 fere
3205 4482 3363 4546 oc-

155 4618 492 4680 currere
563 4586 1186 4676 difficultatem*
1271 4583 1592 4698 Neque
1659 4583 1938 4692 aliter,
2007 4582 2158 4669 nifi
2228 4582 2521 4668 multis
2576 4581 3055 4692 laboribus,
3106 4583 3356 4698 saepe

150 4723 402 4809 irritis
438 4779 475 4831 ,
539 4718 785 4831 saepe
851 4714 1291 4826 iterandis,
1355 4714 1601 4826 saepe
1670 4712 2204 4830 corrigendis
2241 4770 2277 4829 ,
2340 4712 2562 4799 hanc
2626 4716 3104 4806 anatomiae
3170 4741 3369 4828 par-

261 4849 518 4945 Noua
549 4847 763 4940 Asta
789 4847 1061 4936 Acad.
1096 4842 1308 4963 Imp.
1338 4839 1484 4934 Sc.
1517 4839 1618 4933 T.
1658 4836 1811 4968 71!
2359 4839 2441 4936 E
2509 4866 2561 4932 e
2814 4901 2833 4906 -
3142 4844 3371 4959 ticu3
