4288 5844
829 507 946 636 ω
1170 669 1176 680 ,
1555 547 1568 563 ‘
1890 540 2977 656 HrsT01RE.

825 808 968 869 ma
1068 778 1291 893 ignis
1392 769 1940 865 vehementia
2004 798 2161 877 30
2270 777 2623 862 demum
2726 775 2965 882 horis
3070 772 3519 863 destillatio
3634 773 4033 861 absolue-

825 932 1107 1009 retum
1192 907 1339 992 vbi
1414 908 1762 1018 quidem
1832 924 1920 990 et
1982 903 2071 989 id
2141 921 2441 990 notatu
2512 906 2868 1017 dignum
2939 903 3109 1011 est,
3178 906 3477 992 oleum
3546 907 3736 990 t'um
3808 931 4038 1017 quo-

828 1066 1030 1148 que,
1099 1062 1298 1122 curn
1367 1035 1516 1120 sub
1583 1034 1848 1120 finem
1921 1019 2547 1124 destinationis
2573 1059 2825 1119 arena
2890 1034 3229 1145 penitus
3298 1036 3473 1126 iam
3541 1015 3809 1120 rubro
3879 1061 4041 1123 co-

825 1167 1015 1252 lore
1086 1163 1626 1269 ardesceret,
1697 1163 1990 1249 album
2058 1181 2345 1246 tamen
2413 1180 2503 1246 et
2569 1162 2892 1247 clarum
2963 1161 3352 1247 tranfiiffe
3391 1220 3421 1272 ,
3489 1189 3668 1248 nec
3722 1162 3876 1250 nifi
3936 1163 4032 1249 in

824 1294 1010 1407 ipso
1082 1296 1432 1392 demum
1500 1292 1672 1376 fine
1744 1289 2143 1412 nonnihil
2215 1289 2393 1376 olei
2460 1289 2952 1403 nigricantis
3024 1291 3187 1374 effe
3256 1290 3668 1380 secutum.

1215 1542 1654 1634 Omnibus
1724 1543 1948 1634 hisce
2017 1527 2961 1655 confideratis»,‘videre
3031 1545 3180 1656 est,
3248 1543 3724 1634 carbonum
3791 1546 4043 1634 addi-

828 1680 1299 1766 ramentum
1370 1678 1542 1761 hoc
1612 1678 1720 1761 in
1771 1677 1958 1762 casu
2028 1676 2393 1761 noxium
2464 1677 2735 1786 magis
2776 1736 2807 1784 ‚
2908 1675 3170 1789 quam
3236 1677 3447 1763 vtile
3516 1676 3728 1762 effe:
3831 1702 4053 1763 nam·

758 1859 762 1864 -
829 1822 1373 1916 compertum
1444 1806 1657 1889 mihi
1727 1804 2054 1913 haben,
2113 1806 2477 1890 eandem
2545 1803 3201 1891 destillationem
3267 1806 3529 1892 trium
3599 1805 3777 1891 olei
3836 1832 4040 1893 cot-

825 1961 941 2016 nu
1012 1933 1247 2018 cerui
1314 1930 1783 2040 librarum,
1852 1934 2024 2018 fine
2094 1933 2568 2020 carbonum
2620 1922 3116 2042 additione,
3180 1934 3383 2080 igne
3450 1935 3719 2044 longe
3789 1933 4041 2022 debi-

825 2062 1028 2145 liori
1116 2053 1324 2144 iar'n
1375 2061 1841 2145 duodecim
1910 2061 2319 2150 horarum
2386 2061 2845 2147 interuallo
2914 2061 3241 2148 absolui
3281 2122 3312 2171 ‚
3415 2061 4037 2149 obtinendum·
4182 2087 4193 2092 ’

833 2214 997 2298 que
1085 2187 1557 2272 carbonum
1644 2215 1812 2300 ope
1899 2190 2199 2276 oleum
2268 2189 2628 2279 animale
2698 2217 2859 2279 nec
2931 2185 3399 2307 quantitate
3467 2217 3752 2305 neque
3820 2217 4034 2306 qua-

823 2317 1061 2402 litate
1129 2317 1332 2403 huic
1402 2319 1964 2406 antecellere.·
2045 2389 2050 2394 .
2706 2355 2715 2362 -

1745 2647 1754 2662 .
1799 2574 2140 2664 Summa
2208 2583 2418 2668 aceti
2478 2587 3055 2702 concentratio„

768 2838 773 2842 .
1041 2813 1047 2826 ,
1211 2730 1509 2846 §··'¹.7·
1643 2730 2246 2821 Memo'rabilis
2316 2764 2584 2849 aeque
2655 2766 2749 2825 ac
2816 2739 3120 2850 infigni
3185 2737 3334 2823 vsu
3390 2738 3541 2826 suo
3582 2762 4033 2845 commen·

825 2860 1096 2947 danda
1166 2858 1282 2945 est
1346 2885 1445 2945 ea
1515 2861 1856 2955 no'uiter
1923 2890 1972 2948 a
2015 2890 2178 2967 ,me
2249 2866 2572 2954 detecta
2652 2867 3126 2955 carbonum
3212 2872 3758 2981 proprietam,
3834 2878 4035 2981 'qua

826 2988 1241 3105 carbones
1316 2989 1408 3071 in·
1474 2990 2032 3099 destillatione
2101 2998 2318 3080 aceti
2387 2998 2564 3080 vini
2635 3018 2748 3083 ex
2819 2998 3128 3083 balneo
3198 3000 3545 3111 mariae,
3620 3000 4032 3083 fortiores

826 3114 1080 3200 huius
1151 3114 1368 3199 acidi
1438 3126 1716 3227 partes
1786 3137 2017 3205 tanta
2083 3111 2455 3207 retinent
2517 3125 2656 3229 vi,
2726 3144 2820 3208 vt
2886 3122 3546 3241 eae'deinceps.,
3600 3129 3816 3276 ‘igne
3885 3148 4035 3212 ve-

783 3243 1350 3328 -hementiori
1392 3243 1673 3329 balnei
1746 3273 2045 3333 arenae
2117 3274 2334 3361 aqua
2402 3250 2844 3359 liberatae,
2911 3256 3337 3341 alcoholis
3408 3257 3626 3341 aceti
3695 3255 4032 3340 fortiffi-

824 3372 949 3454 mi
1019 3390 1108 3456 et
1176 3362 1718 3483 qualitatibus
1791 3374 2418 3487 elegantiffirnis
2488 3380 2869 3491 praediti
2942 3384 3226 3469 forma
3310 3384 3607 3470 haber-i
3682 3394 4028 3496 quea‘nt.

821 3497 1079 3584 Plura
1146 3501 1306 3585 hac
1377 3500 1483 3585 de
1550 3528 1645 3586 re
1711 3503 1802 3587 in
1871 3506 2032 3591 alia
2094 3508 2266 3593 iam
2340 3504 2909 3669 dissertatione
2978 3512 3086 3599 de
3154 3512 3479 3599 summa
3542 3492 3765 3600 aceti
3814 3539 4032 3600 con·

827 3628 1357 3730 centratione
1427 3630 1815 3718 exhibui.

1564 3883 1751 3999 Res
1751 3889 1984 3973 duum
2047 3890 2378 4001 liquoris
2443 3896 2765 3981 anodini
2827 3893 3319 4011 Hoffmanni.

1212 4038 1286 4151 §.
1367 4061 1508 4136 18.
1639 4042 2298 4134 Infundibulum
2367 4053 2741 4138 vitreum
2806 4054 3171 4163 impleui
3226 3987 3745 4144 carbonibtls
3786 3987 4032 4171 grds·

827 4165 1185 4255 fiuscule
1255 4169 1823 4283 puluerisatiS‚
1892 4200 2045 4287 per
2120 4204 2338 4289 quos
2407 4177 2665 4266 libras
2735 4171 3070 4295 aliq’uot
3133 4183 3441 4274 refidui
3483 4186 3705 4299 nigri
3742 4186 4030 4300 liquo-

830 4297 954 4379 ris
1017 4298 1366 4383 anodini
1433 4300 1860 4387 minei-alis
1931 4301 2248 4391 filtraui
2316 4307 2464 4415 ita,
2528 4327 2623 4394 vt
2685 4309 2812 4418 id,
2888 4313 3125 4424 quod
3188 4312 3745 4425 perfluxiffet,
3820 4340 4039 4429 quo·

689 4532 703 4547 ἱ
832 4423 1090 4507 tidie
1112 4426 1624 4512 carbonibus
1699 4430 1806 4514 de
1871 4457 2112 4521 nouo
2186 4434 2920 4549 superfunderem,
2980 4441 3092 4526 fic
3150 4440 3586 4533 ,mentibus
3658 4466 4037 4556 praeter-

830 4551 1076 4764 hapfil's
1150 4554 1489 4643 duobus
1562 4557 1890 4677 liquor,
1959 4579 2156 4651 ante
2225 4564 2503 4681 niger,
2572 4568 2916 4682 prorsus
2984 4569 3244 4658 euafit
3308 4570 3721 4759 lirnpidus
3764 4582 4029 4749 ιιφιειο

897 4706 1013 4777 ml
1050 4704 1155 4766 ιε.

3840 4905 4034 5047 Qris
4066 4992 4071 5001 .
