4288 5844
1979 592 2288 654 εις-εξ
2353 551 2666 674 (234.)
2730 574 3036 650 ·.-..-³.--=·'

895 816 1079 886 tum
1149 796 1278 908 α).
1408 794 1555 882 Ad
1626 789 2135 881 inferiorem
2169 850 2202 900 ‚
2270 777 2427 907 §bi
2494 810 2906 906 vtraeque
2974 787 3242 879 fibrae
3308 776 3857 906 peruenere,
3919 792 4112 883 illae

893 929 1252 1042 oblique
1324 925 1851 1012 descendunt
1912 919 2046 1034 b),
2117 922 2263 1007 sed
2328 923 2530 1023 vix.
2598 940 2854 1036 atque
2923 947 3033 1007 ne
3086 922 3239 1007 vix
3306 924 3715 1033 quidem,
3782 924 3886 1012 ab
3934 926 4115 1038 ipso

902 1084 1252 1177 quoque
1322 1051 1930 1168 longitudinali
2001 1054 2259 1138 ductu
2328 1051 2416 1137 in
2490 1051 2742 1138 strato
2809 1069 3180 1138 externo
3270 1050 3535 1139 fibrae
3602 1057 3963 1142 eaedem
4029 1055 4116 1143 in

894 1186 1113 1281 sede.
1180 1189 1485 1275 eadem
1554 1186 1674 1295 c)
1747 1182 2184 1269 differunt.
2352 1181 2474 1266 Et
2556 1183 2848 1267 denuo
2931 1181 3038 1268 ad
3126 1181 3702 1269 transuersum
3771 1184 4116 1271 dustum

887 1318 1310 1405 redeunt.
1351 1316 1616 1402 fibrae
1702 1312 1925 1397 strati
2008 1308 2354 1397 secundi
2390 1368 2421 1419 ,
2521 1309 2879 1398 insertae
2970 1310 3060 1396 in
3158 1310 3692 1424 superiorem
3788 1333 4117 1426 partem

901 1447 1142 1536 striae
1208 1446 1409 1558 d),
1476 1448 1683 1532 dum
1755 1440 1948 1529 illae
2016 1443 2105 1527 in
2175 1439 2426 1525 {irato
2497 1459 2865 1527 externo
2933 1439 3245 1525 leniter
3312 1441 3663 1552 quidem
3734 1445 4115 1556 pariter,

903 1597 988 1665 at
1055 1602 1356 1691 parum
1395 1632 1427 1682 .,
1524 1574 1801 1660 flexae
1885 1572 1975 1655 in
2068 1568 2571 1656 fasciculum
2655 1567 3090 1657 transeunt
3156 1569 3705 1660 terminalem
3748 1570 4123 1663 ‘inferio-

907 1730 1092 1807 rem
1160 1709 1292 1819 e),
1361 1704 1628 1823 longe
1694 1726 1744 1793 a
1810 1700 1975 1791 suis
2045 1700 2270 1790 strati
2335 1698 2684 1790 secundi
2745 1697 2985 1789 fibris
3054 1717 3475 1790 remotae.

1644 1976 2084 2105 Fibrarum
2126 1978 2381 2092 strati
2419 1979 2754 2094 ficundi
2816 1980 3380 2069 concentratiO.

1302 2161 1430 2249 In‘
1492 2160 1980 2249 vniuersum
2050 2162 2110 2246 fi
2178 2164 2521 2277 respicis
2614 2164 2716 2251 ad
2805 2166 3345 2276 progressum
3410 2178 3502 2249 et
3570 2159 4125 2253 directionem

912 2287 1328 2379 fibrarum
1397 2293 1616 2381 strati
1689 2290 2098 2392 secundi3
2189 2319 2304 2379 ex
2367 2294 2674 2380 maiori
2742 2295 2939 2383 illae
3009 2294 3335 2380 ambitu
3402 2293 3491 2378 in
3574 2314 3906 2404 partem
3976 2296 4132 2379 cir-

915 2417 1530 2509 cumferentiae
1603 2423 1866 2533 longe
1937 2422 2370 2507 minorem
2442 2442 2970 2509 concurrunt
3012 2481 3041 2530 ‚
3144 2443 3399 2534 atque
3473 2425 3695 2508 adeo
3767 2449 4131 2510 concen-

916 2568 1272 2635 trantur.
1457 2550 1707 2665 Quae
1795 2550 2041 2634 solita
2132 2551 2534 2637 hactenus
2620 2551 3027 2661 fibrarum
3116 2551 3553 2665 dispofitio
3660 2551 3839 2638 fere
3943 2552 4130 2638 fuit.

918 2677 1357 2766 Externae
1427 2679 1886 2766 ventriculi
1970 2677 2261 2768 finistri
2322 2684 2655 2769 ‘ordine
2723 2683 3011 2794 primo
3079 2701 3167 2768 et
3231 2681 3613 2769 secundo
3694 2683 3906 2770 adeo
3978 2681 4136 2767 ob·

839 2854 856 2861 «
919 2809 1182 2924 liquis
1251 2810 1584 2922 angulis
1654 2809 1738 2893 in
1797 2808 2074 2893 striam
2144 2808 2705 2920 descendunt,
2776 2838 3051 2925 eaque
3108 2812 3575 2902 directione
3642 2810 4135 2898 fasciculum

922 2937 1217 3026 versus
1292 2940 1834 3032 terminalem
1907 2936 2369 3046 feruntur,
2454 2960 2620 3049 vt,
2723 2967 3028 3053 parum
3097 2970 3144 3029 a
3214 2942 3469 3028 duciu
3535 2941 4134 3053 longitudinali

877 3065 1310 3184 ‘diuersae
1349 3128 1377 3177 .,
1461 3065 1533 3156 'a
1603 3068 1766 3155 bafi
1855 3071 2143 3155 cordis
2227 3068 2515 3155 versus
2602 3073 2935 3184 apicem
3019 3072 3395 3182 maxime
3464 3072 3953 3185 pertingere
4022 3071 4140 3160 vi·

934 3193 1295 3286 deantur
1360 3189 1594 3313 f).'
1668 3191 2152 3282 Ordinibus
2221 3217 2522 3285 contra
2591 3201 2849 3286 tertio
2914 3218 3004 3285 et
3072 3220 3379 3317 quarto
3442 3203 3563 3306 ita
3628 3204 3895 3315 magis
3964 3228 4142 3289 ma·

936 3334 1242 3444 gisque
1314 3329 1416 3412 ad
1489 3325 2059 3411 transuersum
2149 3327 2498 3411 ducrum
2584 3330 3344 3443 appropinquant,
3440 3349 3540 3418 vt
3603 3333 3710 3419 ad
3774 3331 4139 3438 eundem

934 3456 1309 3568 singulae
1377 3455 1694 3568 pariter
1759 3455 2024 3541 fibrae
2097 3455 2450 3542 redeant
2514 3456 2850 3570 apicem
2918 3459 3381 3545 ventriculi
3445 3458 3740 3547 sinistri
3772 3463 3915 3573 g).
3984 3459 4142 3548 Ea-

938 3589 1142 3672 dem
1200 3605 1382 3671 erat
1441 3611 1792 3698 quoque
1843 3583 2282 3697 dispositio
2321 3583 2727 3672 fibrarum
2798 3605 3344 3696 externarum
3410 3588 3879 3677 ventriculi
3947 3591 4144 3677 dex·

942 3715 1081 3802 tri.
1218 3714 1405 3800 Hae
1476 3742 1522 3800 a
1595 3713 1759 3800 bafi
1829 3718 2181 3802 arteriae
2248 3713 2842 3826 pulmonali5‚
2928 3717 3031 3803 ab
3099 3738 3420 3828 aot-ta,
3487 3745 3538 3806 a
3603 3717 3764 3805 filo
3832 3718 4143 3808 cartila-

946 3844 1206 3960 gineo
1279 3845 1588 3932 dextro
1661 3845 2137 3956 anteriori,
2208 3844 2567 3960 oblique
2633 3843 2924 3935 versus
2993 3872 3339 3937 crenam
3407 3847 3943 3990 descendunt
3998 3844 4141 3962 b),

4105 4005 4149 4070 a

980 4159 4150 4218 mm

1151 4263 1233 4353 a)
1286 4260 1461 4334 Tab.
1513 4264 1633 4335 1v.
1683 4285 1789 4356 54.
1839 4265 1936 4339 61.
1987 4265 2091 4340 62.
2144 4286 2262 4355 70.

1156 4361 1236 4453 b)
1299 4362 1471 4436 lab.
1515 4357 1650 4435 IX.
1700 4390 1764 4464 p.
1818 4389 1884 4439 x·

1155 4464 1240 4560 c)
1295 4463 1466 4536 Tala
1525 4460 1658 4541 Vl.
1709 4485 1799 4548 ις.
1850 4486 1958 4552 14.
2013 4486 2096 4560 ις.
2157 4468 2258 4560 56.
2310 4485 2399 4561 51.
2451 4468 2557 4544 62.

1154 4562 1235 4652 d)
1290 4564 1463 4639 Tab.
1516 4566 1630 4638 IX.
1694 4589 1761 4641 o.
1812 4588 1859 4640 ε.
1911 4588 1975 4664 q.

1162 4666 1242 4754 e)
1296 4663 1467 4740 Tab.
1523 4668 1643 4738 VI.
1692 4686 1789 4758 53.
1840 4685 1925 4757 55.
1982 4668 2100 4760 68,

1145 4764 1244 4864 s)
1295 4764 1471 4840 Tab.
1522 4769 1614 4838 VI
1689 4792 1756 4859 y.
1810 4786 1898 4854 13.
1950 4789 2056 4857 74.
2110 4789 2214 4856 72.

1150 4865 1245 5046 Ξ)
1296 4865 1471 4940 Tab.
1522 4871 1647 4942 IV.
1694 4888 1795 4956 73.
1845 4888 1949 4957 73.
2000 4890 2110 4958 74.
2163 4892 2278 4961 90.
2336 4877 2450 4962 98.
2497 4861 2592 4950 T.

1207 4965 2429 5062 >Tab.1V.C.‘F.G.1.C.H.
