4288 5844
1915 568 2226 631 εξ.-
2285 540 2598 661 (248)
2662 573 2970 631 ΞΒ

816 802 1069 872 nares
1145 772 1295 867 vel
1381 774 1644 864 etiam
1720 773 2191 887 polyedrici.
2361 773 2564 858 Huc
2655 799 3006 889 quoque
3089 766 3582 861 referuntur
3649 769 4059 867 Schoerli

822 909 1047 999 Elec?
1058 913 1209 997 rici
1288 909 1430 995 vel
1495 903 2063 1007 Turmalinus;
2166 895 2597 991 Schoerliss
2677 905 3084 991 violaceus
3162 903 3700 991 nonnullorum
3764 929 3854 994 et
3917 911 3979 993 ii
4024 966 4066 1019 ,

826 1045 977 1157 qui
1073 1038 1472 1148 crystallo
1556 1054 2110 1144 montanae,
2187 1052 2285 1119 vt
2353 1033 2750 1119 nonnulli
2819 1037 3346 1142 affeverant,
3447 1035 3759 1124 ssmiles
3828 1039 4056 1125 sunt,

833 1170 1226 1286 Quidam
1297 1169 1401 1254 ad
1473 1165 1994 1255 Schoerlum
2064 1161 2453 1251 referunt
2518 1165 2779 1249 etiam
2846 1165 3295 1269 Beryllum
3338 1222 3370 1271 ,
3474 1191 3743 1278 porro
3814 1194 4063 1275 crys-

826 1301 1063 1392 stalla
1139 1299 1555 1411 quaedam
1624 1294 1926 1383 cubica
1995 1297 2295 1383 colore
2364 1312 2453 1378 et
2522 1293 2800 1379 nitore
2850 1294 3386 1383 Haematitae
3454 1294 3782 1383 fimilia
3872 1297 4061 1384 Alii

834 1433 1215 1541 denique
1261 1424 1572 1511 Macles
1626 1422 2127 1524 Gallorum,
2208 1422 2661 1509 nonnullas
2732 1421 3380 1508 vitrificationes
3451 1427 4064 1535 volcanorum,

833 1585 1147 1651 verum
1222 1553 1668 1643 Corneum
1739 1554 2278 1645 lamellosum
2321 1586 2363 1660 ς
2427 1550 2855 1639 Granaten
2895 1610 2926 1660 ,
2995 1551 3324 1638 Micam
3364 1608 3397 1663 ,
3466 1553 3904 1671 Talcum,
3982 1575 4077 1644 et

839 1688 1305 1781 Asbestum
1375 1687 1548 1774 huc
1624 1709 1974 1805 quoque
2044 1684 2475 1798 pertinere
2547 1680 2918 1767 censent.

1612 1925 1773 2030 De
1795 1928 1805 1937 ’
1831 1920 2421 2029 stabiliendis
2487 1913 2929 2026 Schoerli
2991 1920 3290 2025 notis,

1242 2112 1320 2228 ς.
1414 2135 1500 2217 ς.
1672 2112 1919 2228 Quae
2006 2141 2222 2201 vero
2312 2113 2696 2224 lapidum
2800 2139 3116 2224 genera
3202 2113 3374 2198 huc
3461 2113 3897 2225 pertinent
3975 2126 4065 2205 ee

856 2270 1070 2361 quae
1156 2263 1458 2332 contra
1545 2246 2083 2330 excludenda
2154 2243 2409 2352 sunt,
2512 2268 2624 2327 ex
2692 2242 3285 2355 proponendis
3330 2231 3598 2328 'nunc
3667 2243 4065 2330 Schoerli

851 2378 1084 2463 notis
1155 2393 1243 2461 et
1306 2372 1965 2487 proprietatibus
2023 2373 2542 2477 innotescet.
2679 2371 2848 2458 Sed
2935 2375 3103 2457 iam
3190 2372 3607 2484 exemplo
3673 2373 4066 2461 Schoerli

855 2506 1352 2611 docemur,
1456 2529 1709 2614 quam
1777 2527 2081 2615 parum
2155 2527 2315 2587 nos
2382 2527 2484 2587 ea
2554 2503 2889 2586 criteria
2977 2503 3334 2607 iuvant,
3441 2490 3661 2613 quae
3743 2503 3847 2589 ab
3898 2528 4072 2590 ex*

854 2653 1098 2720 terna
1170 2631 1420 2742 facie,
1490 2632 1890 2735 structura
1957 2653 2123 2717 etc.
2198 2632 2685 2739 montium,
2752 2629 2892 2715 vel
2964 2628 3415 2737 locorum,
3488 2656 3703 2743 quae
3772 2632 4069 2722 foffilia

859 2765 1378 2872 continent,
1477 2760 1988 2874 sumuntur,
2083 2758 2176 2846 id
2250 2762 2486 2905 quod
2569 2758 3063 2877 praesertim
3130 2786 3244 2847 ex
3311 2760 3850 2940 sequentibus
3920 2788 4076 2878 pa·

856 2891 1103 2983 tebit.
1375 2902 1382 2909 ’
2422 2933 2427 2940 ·
3136 2935 3143 2940 ·

1259 3110 1381 3197 Et
1463 3112 1821 3226 primo,
1891 3117 2129 3229 quod
2218 3132 2463 3204 notas
2552 3141 2597 3201 a
2683 3115 2959 3204 forma
3030 3112 3458 3202 montium
3527 3113 4072 3204 deducendas

857 3236 1218 3350 attinet,
1287 3241 1450 3328 hae
1511 3269 1616 3328 ne
1676 3244 1973 3329 locum
2037 3247 2386 3359 quidem
2440 3246 2582 3330 hic
2652 3246 2968 3332 habere
3007 3248 3398 3357 poffunt,
3468 3271 3666 3354 tum
3706 3244 4080 3332 Schoer·

864 3372 1006 3459 lus
1092 3396 1587 3484 nuncquam
1674 3392 2018 3459 montes
2106 3377 2491 3485 integros
2582 3376 3063 3461 constituat.
3229 3374 3705 3463 Schoerlus
3789 3377 4077 3485 itaque

860 3502 957 3590 in
1028 3499 1472 3586 montibus
1542 3518 1631 3586 et
1699 3502 2143 3588 altioribus
2218 3523 2308 3587 et
2373 3505 3057 3615 humilioribus,
3157 3505 3283 3606 in„
3336 3504 3871 3618 planioribus
3943 3501 4080 3590 vel

863 3611 1421 3816 praeruptiS,
1490 3632 1817 3717 conicis
1893 3653 2063 3717 etc.
2138 3658 2596 3719 occurrere
2666 3633 2993 3746 potest.
3086 3731 3095 3738 ‚
3206 3695 3215 3704 -

1271 3851 1454 3962 2.·)
1538 3850 1972 3940 Strustura
2057 3853 2488 3938 montium
2542 3852 2664 3939 in
2736 3821 3361 3944 constituendis
3452 3852 3858 3945 Schoerli
3928 3854 4085 3942 cri·

871 3977 1110 4067 teriis
1179 4003 1484 4093 parum
1554 3982 1961 4094 confert,
2036 4009 2238 4068 cum
2309 3983 2775 4070 Schoerlus
2851 4003 2940 4069 et
3005 3988 3094 4069 in
3162 3988 3281 4073 iis
3306 4046 3337 4096 ,
3410 3988 3575 4099 qui
3628 3985 3898 4070 stratis
3963 4012 4083 4070 re·

870 4111 1088 4224 pleti
1154 4110 1411 4218 sunt,
1480 4129 1571 4197 et
1635 4112 1721 4196 in
1791 4113 1969 4219 iis,
2040 4114 2128 4197 in
2203 4114 2512 4225 quibus
2581 4140 2851 4199 venae
2919 4134 3432 4229 permeant,
3500 4116 3592 4201 in
3661 4114 4083 4202 solidiori·

878 4236 1042 4332 bus
1110 4265 1387 4354 aeque
1457 4267 1554 4327 ac
1624 4242 2104 4398 cauernofis
2173 4264 2342 4328 etc.
2356 4245 2768 4364 reperiri
2837 4245 3117 4358 poffit.

1261 4471 1408 4585 3)
1493 4469 1862 4585 Neque
1931 4473 2038 4562 ab
2106 4476 2440 4563 interna
2507 4475 2805 4566 indole
2870 4478 3048 4566 Ioci
3098 4538 3130 4589 ,
3140 4423 3359 4566 vbi
3431 4417 3904 4566 Schobrlus
3972 4499 4090 4561 re-

876 4601 1244 4718 peritur
1299 4607 1556 4689 n'otae
1644 4622 1856 4713 apte
1891 4591 2292 4690 deriuari
2392 4605 2844 4756 possunt,
2899 4635 3099 4698 nam
3166 4609 3637 4752 Schoerlus
3703 4610 3797 4695 in
3864 4573 4085 4744 rimis
4218 4683 4221 4688 .

879 4757 1156 4849 aeque
1223 4755 1323 4822 ac
1388 4733 1480 4818 in
1545 4733 1818 4868 venis·
1861 4731 2030 4822 etc.
2102 4738 2512 4823 oc'currit.
2606 4749 2613 4758 ·
4220 4853 4221 4856 ¹

1313 4905 1324 4916 ’
1615 4893 1630 4912 ’
3728 4930 3866 5044 4.)
3932 4925 4091 5021 Sed
4220 5059 4221 5068 Ν
