4288 5844
1942 498 2254 555 ...a
2316 462 2635 579 (218)
2700 485 3009 569 ΞΕ*

859 701 1208 791 ticulam
1276 694 1660 811 indagari
1725 697 1962 811 pofl‘e
2031 699 2384 810 opinor.
2516 694 2779 783 Nunc
2848 692 3297 809 postquam
3366 705 3766 783 externas
3820 690 4077 787 fibras

858 832 1318 921 ventriculi
1432 828 1773 935 finistri,
1876 828 1998 914 vti
2068 828 2350 914 exutis
2421 825 3036 940 integumentis
3105 844 3576 939 apparent,
3670 834 3763 912 in
3834 830 4081 931 tabu-

866 964 970 1049 lis
1037 958 1469 1073 prioribus
1540 957 1958 1063 exhibui,
2026 957 2113 1040 in
2188 956 2765 1042 differtatione
2836 975 3129 1067 quarta
3200 952 3591 1065 descripfi
3616 986 3642 1054 3
3744 981 3891 1042 eas
3954 960 4085 1043 se-
4220 952 4221 991 ³

876 1089 1332 1205 quentibus
1405 1085 1712 1174 tabulis
1785 1087 2100 1194 offero,
2172 1086 2774 1197 describoque,
2843 1083 3147 1207 fibraS,
3210 1083 3639 1195 quaeillis
3699 1088 4076 1172 externis
4220 1130 4221 1143 κ

874 1223 1250 1308 abductis
1337 1217 1423 1300 in
1517 1215 2064 1326 conspectum
2142 1216 2652 1328 prodeunt,
2742 1239 3069 1326 easque
3143 1210 3549 1327 tanquam
3617 1217 4079 1302 secundum

861 1350 1205 1437 stratum
1274 1344 1772 1451 confidero,
1883 1345 2272 1457 quamuis
2343 1345 2589 1430 aliter
2658 1342 2884 1430 forte
2953 1342 3334 1457 respectu
3405 1342 3910 1452 stratorum,
3974 1345 4072 1432 ad

876 1505 1089 1595 quae
1159 1476 1420 1563 fibrae
1490 1475 2022 1585 pertineant,
2090 1474 2647 1559 iudicandum
2719 1474 2951 1559 effet.
3090 1472 3536 1582 Sufficiet,
3598 1473 3753 1559 has
3827 1472 4077 1579 fibras

869 1633 1049 1697 non
1119 1606 1393 1693 modo
1453 1604 1603 1712 fic,
1671 1605 1792 1688 vti
1859 1605 2529 1714 repraesentatae
2597 1601 2685 1687 in
2753 1599 3188 1712 iconibus,
3253 1604 3378 1687 vti
3445 1601 3536 1685 in
3590 1603 4086 1691 differtatioe

864 1763 976 1827 ne
1046 1735 1543 1846 descriptae,
1614 1734 1969 1820 existere
2040 1735 2132 1818 in
2200 1730 2688 1817 ventriculo
2758 1731 3125 1831 finisti-05
3200 1729 3340 1818 sed
3404 1732 3511 1816 iis
3588 1758 3939 1843 quoque
3996 1736 4082 1818 in
4220 1824 4221 1833 Ν

864 1865 1208 1952 sedibus
1278 1862 1442 1950 e‘ffe
1512 1861 1983 1948 collocatas
2027 1923 2057 1971 ,
2128 1878 2224 1944 vt
2288 1858 2714 1968 remotiS,
2783 1888 2999 1973 quae
3068 1862 3445 1973 primum
3517 1857 3899 1947 abductis
3962 1864 4087 1949 in·
4220 1912 4221 1915 κ

864 1994 1393 2106 tegumentis
1464 2009 1940 2104 apparent,
2024 1988 2449 2078 continuo
2514 1989 2600 2076 se
2655 1991 3098 2102 offerant,
3189 1990 3294 2077 ab
3361 1988 3713 2104 illisque
3782 1993 4084 2080 imme·

881 2125 1105 2213 diate
1173 2140 1601 2234 tegantur.

1332 2335 1704 2427 Stratum
1750 2333 2185 2452 secundum
2254 2337 2678 2425 ventriculi
2712 2338 3022 2453 stnssri
3087 2342 3231 2428 vti‘
3274 2364 3331 2425 a
3398 2338 3655 2425 medio

2146 2468 2424 2554 dextri
2487 2468 2845 2585 dtffi’rat.
2915 2462 2933 2501 ³

1275 2684 1682 2774 Externis
1769 2685 2005 2773 fibris
2088 2689 2450 2775 remotis
2544 2690 2834 2775 minor
2899 2684 3253 2802 quidem
3318 2685 3843 2781 ventriculus
3906 2678 4097 2770 fini·

885 2810 1100 2925 ster,
1163 2815 1318 2902 vix
1381 2816 1742 2903 mollior
1809 2805 2131 2928 tamen,
2196 2819 2491 2920 restat3
2600 2845 2803 2905 cum
2871 2815 3263 2932 pluribus
3332 2817 3598 2905 stratis
3666 2814 4095 2902 interiori·

893 2943 1049 3030 bus
1122 2946 1611 3055 instruetur»,
1682 2946 2002 3060 vbique
2072 2950 2437 3037 eandem
2504 2949 2742 3058 fere,
2816 2974 2983 3062 qua
3053 2949 3388 3064 integer
3454 2949 3804 3061 gaudet,
3875 2944 4092 3030 duri·

891 3072 1107 3155 tiem
1192 3073 1863 3187 firmitatemque
1945 3078 2373 3186 praebeat.
2558 3080 2878 3189 Neque
2943 3077 3218 3187 figura
3282 3076 3722 3189 infigniter
3791 3093 4093 3162 mutata

899 3199 1043 3285 est.
1112 3202 1223 3313 d)
1380 3201 1496 3286 Et
1563 3202 1837 3313 ipsum
1906 3203 2245 3289 stratum
2316 3204 2783 3291 secundum
2854 3205 3102 3291 aliter
3170 3232 3265 3292 ac
3335 3206 3723 3292 medium
3790 3201 4099 3291 ventri·

899 3327 1076 3416 'culi
1186 3332 1464 3418 dextri
1567 3330 1918 3418 firmum·
2002 3360 2179 3418 non
2266 3335 2539 3420 modo
2629 3333 3078 3446 densisque
3162 3354 3253 3420 et
3317 3333 3811 3449 compreffis
3876 3329 4097 3418 fibris

889 3447 1473 3547 'tonstrustum
1516 3519 1548 3567 ,
1649 3460 1792 3548 sed
1859 3463 2293 3575 integrum
2365 3489 2720 3577 quoque
2793 3466 3453 3577 quodammodo
3521 3462 3705 3575 est,
3771 3483 3872 3551 vt
3933 3480 4097 3548 tan·

747 3581 758 3590 “
889 3597 1176 3714 ‘quam'
1234 3592 1719 3703 completus
1787 3583 2314 3678 ventriculus
2390 3595 2714 3699 denuo,
2767 3594 3141 3680 externis
3199 3595 3458 3682 etiam
3493 3613 3811 3681 exutus
3844 3590 4096 3696 fibris,

907 3739 1333 3827 appareat.
1472 3717 1892 3834 Quamuis
1964 3723 2235 3829 eni'm,
2309 3723 2456 3834 qui
2527 3721 3019 3835 proximam
3089 3725 3309 3835 apici
3375 3722 3661 3809 sedem
3730 3727 3822 3808 in
3873 3721 4095 3806 strato

907 3845 1283 3933 ‘secundo
1355 3867 1691 3962 tegunt,
1759 3849 2148 3936 fasciculi
2217 3852 2708 3939 terminales
2773 3849 2889 3964 b)
2956 3850 3044 3935 in
3113 3852 3367 3962 strato
3431 3851 3691 3939 etiam
3760 3871 4094 3938 externo

893 3972 1126 4061 hanc
1187 3979 1482 4065 'sedem
1554 3998 1986 4093 occupant
2027 3982 2150 4093 nc)
2189 4041 2219 4089 ,
2288 3984 2681 4093 adeoque
2749 3982 2854 4067 ad
2923 3980 3148 4068 strati
3216 3984 3552 4071 externi
3617 3980 3881 4068 fibras
3945 4003 4098 4066 me-

907 4103 1084 4189 rito
1152 4105 1684 4210 referuntur3
1755 4135 2267 4197 communes
2325 4130 2610 4197 tamen
2676 4108 2842 4218 illi,
2893 4136 3092 4195 cum
3160 4111 3321 4200 soli
3386 4111 3967 4200 ventriculum
4022 4109 4097 4194 in

831 4257 835 4261 *
903 4257 1017 4360 „ea
1083 4233 1280 4321 sede
1352 4233 1801 4351 claudant,
1868 4239 2264 4327 omnium
2328 4242 2625 4357 potius
2694 4238 3148 4330 stratorum
3192 4243 3535 4356 fibrae,
3606 4267 3866 4357 quam
3932 4263 4095 4356 pro·

3142 4413 3153 4424 ·
3892 4371 4096 4489 priae

1065 4647 1149 4747 a)
1202 4651 1376 4724 Tab.
1430 4653 1578 4728 vn.
1630 4657 1709 4726 F.
1760 4658 1846 4731 G.
1896 4617 2098 4744 ,HJL

1013 4757 1020 4764 '
1060 4748 1142 4840 b)
1191 4753 1344 4828 Tab
1418 4753 1577 4828 v11.
1626 4776 1729 4848 50.
1778 4777 1885 4852 5¹·
1947 4778 2051 4837 52.
2109 4778 2223 4850 53.

909 4861 936 4874 ‘
1059 4847 1134 4950 c)
1189 4853 1372 4934 Tab.
1422 4852 1560 4933 lv,
1616 4876 1777 4947 103.
1819 4877 1982 4950 104.
