4288 5844
758 620 893 703 m
1574 494 2918 672 ’.ηιετοιιες

1161 817 1681 905 Litterarum
1776 828 1869 898 et
1931 797 2391 925 scripturae
2435 792 2985 904 Zirenorum
3052 814 3348 903 auetor-
3416 814 3594 904 suit
3634 812 3986 906 Sanctus

743 950 1354 1065 stephanus,
1381 949 1593 1033 olim
1636 966 2022 1059 {magnae
2092 942 2479 1041 Per-miae
2519 944 3144 1058 Episcopus.
3187 947 3526 1045 Natus
3577 947 3989 1061 'illexerat

774 1086 998 1170 circa
1066 1079 1402 1162 initium
1479 1073 1765 1169 Seculi
1831 1058 2085 1166 XIV.
2157 1074 2245 1158 in
2295 1074 2524 1163 vrbe
2587 1074 2917 1184 Ustiug
3025 1071 3392 1183 :Patrem
3437 1075 3767 1169 -habuit
3833 1076 3991 1165 se.

772 1205 1664 1311 mionem,Eccles1ae
1736 1202 2246 1288 cathedralis
2316 1202 2705 1319 eiusdem
2773 1201 3008 1313 vrbis
3045 1201 3551 1313 clericum,
3621 1228 3989 1291 matrem

771 1365 986 1426 vero
1056 1337 1453 1420 Mariam.
1588 1333 1675 1418 Α
1745 1350 2031 1429 tenera
2101 1348 2371 1414 aetate
2439 1308 2825 1416 eruditus
2894 1304 3200 1416 litteris
3270 1331 3790 1437 slavonicis,
3861 1333 3991 1417 fe-

752 1472 1127 1579 licique
1167 1464 1592 1576 praeditus
1667 1460 2133 1566 memoria,
2165 1458 2610 1569 ingenium
2672 1460 2914 1545 suum
2954 1461 3260 1547 affidua
3295 1461 3663 1546 lectione
3702 1460 3994 1579 Scrip-

775 1619 1010 1685 turae
1083 1595 1386 1682 Sacrae
1456 1608 1545 1676 et
1610 1590 2034 1673 librorum
2105 1588 2706 1699 liturgicorum
2778 1588 3201 1694 excoluit,
3271 1590 3715 1699 vitamque
3753 1589 3995 1678 secu-

770 1712 1037 1814 larem
1108 1722 1507 1832 respuens
1578 1718 2122 1802 monasticam
2199 1716 2533 1825 elegit,
2616 1736 2708 1802 et
2773 1716 3228 1801 Rostoviae
3314 1718 3403 1801 in
3471 1719 3989 1805 monasterio

748 1856 897 1948 St.
975 1850 1373 1942 Greeorii
1471 1845 1928 1955 Theologi
2029 1845 2438 1956 religioso
2526 1847 2808 1931 ordini
2880 1844 3258 1930 initiatus
3329 1864 3513 1931 erat
3580 1872 3734 1958 per
3801 1846 4012 1932 Ab·'

711 1982 1059 2070 ‘batem
1162 1980 1722 2081 Maximum,
1816 1994 2170 2058 tenente
2280 1995 2480 2057 tunc
2580 1972 2870 2058 sedem
2940 1974 3517 2086 episcopalem
3587 1974 3992 2067 ArseniO.

760 2111 907 2202 Ibi
979 2111 1082 2196 ab
1153 2110 1556 2194 omnibus
1600 2106 1871 2189 curis
1924 2103 2173 2188 liber
2216 2106 2731 2215 veniamque
2776 2103 3418 2190 bibliothecam
3438 2105 3995 2194 monasticam

700 2238 722 2263 “
773 2261 862 2328 et
930 2240 1542 2351 episcopalem,
1611 2260 1774 2347 pro
1847 2251 2240 2344 tempore
2309 2231 2430 2318 sat
2498 2231 2719 2316 bene
2788 2232 3301 2342 instrudlam,
3346 2235 3718 2321 adeundi
3781 2240 3996 2321 con'-

764 2372 1171 2474 secutuS,
1243 2386 1525 2451 toturn
1570 2362 1689 2446 se
1747 2361 2195 2472 praecibus
2237 2386 2410 2445 ac
2433 2360 2738 2446 litteris
2811 2360 3228 2464 tradidit,
3279 2364 3684 2476 linguam
3754 2390 4000 2476 grae·

784 2524 972 2586 cam
1079 2498 1439 2607 proprio
1542 2510 1811 2576 marte
1880 2488 2027 2574 fibi
2101 2490 2607 2577 familiarem
2677 2476 3084 2596 reddidit,
3147 2480 3290 2575 et
3309 2493 3554 2576 omni
3626 2520 3826 2579 cura
3893 2518 3999 2580 ac

769 2620 1121 2713 'solertia
1189 2625 1567 2733 linguam
1642 2618 2126 2703 Zircnicam
2196 2618 2619 2731 excoluit,
2688 2620 2929 2704 cuius
2998 2600 3348 2730 primi}
3375 2618 4000 2765 fundamentis,

774 2760 985 2841 dum
1054 2757 1140 2835 in
1210 2753 1421 2836 vrbe
1490 2748 1810 2860 patria,
1899 2772 2115 2857 quae
2187 2747 2467 2830 vicina
2534 2746 2650 2831 est
2719 2748 3186 2832 territorio
3228 2746 3684 2859 Permiae,
3753 2751 4003 2838 vive·

772 2883 939 2984 ret‘,
1012 2880 1439 2966 imbutum
1512 2877 1747 2963 fuiffe
1817 2874 2270 2960 verisimile
2341 2874 2712 2960 videtur.
2831 2872 3039 2961 ‘Hac
3110 2876 3198 2962 in
3257 2882 3362 2963 're
3427 2876 3770 2967 secutus
3816 2892 4003 2970 erat

775 3014 1277 3136 exemplum
1351 3009 1474 3094 St.
1534 3005 2080 3093 Constantini
2151 3002 2560 3115 Episcopi
2612 3004 3111 3114 ·Moraviae,
3192 3007 3342 3153 ²qui
3412 2997 4001 3100 litteras-‘'Sla-

777 3145 1135 3227 vonicas
1225 3138 1542 3224 Seculo
1610 3134 1762 3219 IX.
1866 3132 2197 3217 inuenit
2263 3151 2350 3216 et
2418 3132 2692 3217 sacros
2765 3134 3113 3219 codices
3184 3134 3271 3219 in
3347 3135 3726 3250 linguam
3801 3138 3992 3230 Sla-

680 3347 699 3358 ..
777 3273 1214 3375 vomicam,
1284 3266 1728 3351 adiuvante
1800 3257 2053 3366 fratre
2123 3282 2210 3345 et
2273 3257 2560 3376 postea
2625 3261 3089 3353 succeffote
3156 3263 3413 3381 ipfius
3481 3267 3574 3357 in
3615 3265 4002 3386 Episco-

777 3427 985 3516 patu
1053 3397 1562 3502 Methodio,
1630 3392 2089 3476 transtulit.

1167 3655 1397 3739 Mox
1465 3651 1651 3762 post
1719 3650 2138 3737 decessum
2212 3643 2335 3731 St.
2393 3645 2702 3735 ³'Alexii
2770 3650 3395 3765 Metropolitae
3467 3657 3733 3744 totius
3771 3657 4001 3746 Ros·

780 3779 940 3873 fiae
982 3842 1012 3891 ,
1080 3788 1225 3896 qui
1297 3807 1521 3867 anno
1601 3800 1834 3886 1378
1910 3777 2344 3886 contigit„
2414 3779 2797 3864 sacerdos
2873 3777 3133 3868 factus
3203 3773 3369 3892 est,
3441 3788 3996 3876 consecrante

783 3915 1060 4002 itsum
1132 3911 1497 3996 Erasmo
1568 3907 2006 4020 Episcopo
2058 3903 2671 3992 Colomnenfi.
2731 3911 2740 3930 ¹
2793 3910 2975 4016 Jam
3030 3913 3482 4024 presbyter
3526 3919 4000 4032 et‘linguae

746 4072 881 4148 ‘ac
956 4042 1409 4152 scripturae
1482 4038 1923 4123 Zirenicae
1991 4035 2350 4150 perituS,
2419 4061 2737 4149 magno
2805 4040 3215 4152 flagrabat
3282 4045 3701 4134 desiderio
3785 4075 4001 4163 pro-

782 4172 1153 4289 pagandi
1220 4170 1574 4257 verbum
1624 4170 2093 4252 diuinum
2110 4167 2334 4251 inter
2399 4187 2738 4276 gentes
2754 4165 3181 4257 Permicas
3237 4173 3781 4266 idololatriae
3851 4180 4008 4265 ad-

792 4306 1082 4388 didlas.
1251 4300 1494 4384 Hanc
1548 4297 1793 4382 suam
1865 4315 2244 4381 mentem
2315 4295 2646 4441 aperuit
2713 4315 2955 4383 antea
3026 4303 3476 4406 nominato
3546 4305 3996 4420 Episcopo

650 4431 655 4436 ’
782 4427 1354 4518 colomnensi
1412 4417 1812 4532 ErasmO,
1866 4426 2041 4535 qui
2082 4441 2316 4509 tunc
2388 4423 2617 4508 vices
2651 4422 3276 4541 Metropolitae
3327 4432 3767 4524 Moscuae
3839 4462 3999 4550 ge·
4063 4459 4070 4466 ·

790 4559 1092 4660 rebat3
1147 4587 1192 4645 a
1248 4583 1423 4668 quo
1491 4547 1951 4662 laudatus,
1980 4555 2091 4638 in
2118 4555 2491 4670 incepto
2532 4554 3088 4645 confirmatus
3109 4573 3215 4646 et
3235 4562 3850 4656 δεικόἰέὶίοηε
3891 4589 3997 4651 ac
4133 4655 4142 4662 ,

791 4689 1100 4774 litteris
1166 4689 1791 4796 mandatoque
1813 4683 2198 4769 muffitus
2269 4683 2557 4768 omnia
2630 4682 3136 4799 dbtinuit,·
3175 4715 3389 4802 quae
3496 4693 3601 4780 ad
3703 4693 4005 4786 consa·

801 4823 1154 4907 crandas
1246 4817 1849 4936 ornandasqpe
1896 4812 2339 4936 ,ecclefias
2406 4814 2856 4934 neceffaria
2922 4825 3180 4932 sunt,
3263 4820 3520 4910 ‘sedes
3585 4818 4050 4922 “Zirenor

3495 4977 3506 4986 ·
3655 5008 3662 5015 -
3783 4975 3994 5042 rum
