4288 5844
1303 498 2402 679 uisa-omn.-
3347 598 3574 721 32·

248 814 489 879 rum
482 788 746 879 -solus
832 793 1050 904 petit
1114 810 1206 878 et
1267 795 1631 895 verbum
1701 795 2092 880 divinum
2161 795 2574 881 idiomate
2640 788 3049 891 Zitenico
3118 795 3460 906 praedi·-

248 938 400 1007 cat·
572 919 995 1009 Ineffabili
1074 925 1505 1071 ’patientia
1602 944 1971 1010 armatus
2044 922 2378 1037 superat
2445 949 2746 1013 omnes
2818 923 3460 1030 contumeliam,

244 1048 741 1158 molestas,
840 1050 1238 1158 iniuriaS,
1306 1052 1898 1165 periculaque,
1983 1069 2072 1135 et
2137 1054 2521 1162 tandem,
2587 1054 3047 1140 adiuuante
3118 1054 3456 1138 summo

240 1176 665 1285 Numine,
747 1182 1169 1289 quosdam
1240 1183 1393 1269 ad
1410 1182 1929 1290 religionem
2001 1178 2532 1267 christianam
2605 1170 3068 1289 conuertit,
3140 1183 3226 1267 &
3296 1182 3462 1277 ho-

236 1330 433 1405 rum
494 1333 669 1418 ope
736 1309 1734 1431 auxilioquefltemplum
1803 1336 1851 1395 e
1920 1307 2302 1395 trabibus
2372 1311 2675 1421 ligneis
2748 1313 2851 1396 ad
2921 1313 3225 1399 ostium
3297 1306 3462 1395 flu-

242 1436 361 1518 vii
404 1436 720 1542 Wym,
771 1463 1027 1549 aquas
1069 1439 1247 1523 suas
1316 1440 1404 1522 in
1442 1440 2002 1553 Witzegdam
2070 1441 2660 1546 exonerantis,
2693 1441 3048 1548 extruit,
3117 1457 3206 1524 et
3241 1438 3462 1525 illud

240 1565 871 1652 annuntiationi
958 1565 1081 1654 St.
1167 1566 1561 1678 Virginis
1647 1564 1975 1653 Mariae
2069 1568 2342 1668 dicat3
2444 1566 2532 1651 in
2626 1592 2805 1679 quo
2872 1569 3310 1678 liturgiam
3378 1584 3468 1653 et

245 1691 574 1804 reliqua
679 1695 967 1801 sacra,
1081 1696 1186 1780 ad
1282 1698 1545 1781 ritum
1612 1694 2157 1783 Graecorum
2206 1751 2236 1800 ,
2350 1695 2765 1781 idiomate
2838 1692 3246 1783 Zirenico
3317 1692 3466 1782 ad-

248 1812 680 1908 ministrat.
850 1818 1309 1911 Crescente
1409 1824 1500 1910 in
1602 1824 1785 1911 dies
1854 1848 2252 1941 „pumero
2324 1824 2940 1912 conuersorum
2982 1884 3012 1935 ,
3113 1828 3464 1910 tandem

254 1974 602 2036 omnem
687 1968 1037 2062 gentem
1108 1946 1595 2039 Zirenicam
1669 1944 1912 2064 gregi
1982 1952 2436 2037 christiano
2505 1954 2875 2040 affociat.
3049 1951 3464 2038 Constru-

256 2096 503 2168 untur
564 2079 891 2191 vbique
964 2083 1321 2192 templa,
1383 2084 1692 2194 religio
1734 2079 2175 2166 christiana
2213 2078 2686 2192 profundas
2730 2084 2908 2193 agit
2941 2083 3305 2188 radiceS,
3373 2100 3463 2166 et

260 2209 629 2323 Vndique
701 2208 1227 2322 postulantur
1292 2211 1536 2295 verbi
1609 2210 1877 2296 divini
1951 2209 2332 2293 ministri.
2479 2206 2707 2295 Cum
2775 2236 2988 2296 vero
3055 2212 3468 2317 Moscua‚
3598 2240 3604 2247 ·

265 2341 356 2426 ad
421 2339 663 2423 cuius
736 2339 1161 2424 ditionem
1232 2338 1568 2426 Permia
1635 2360 1838 2425 tunc
1907 2337 2456 2451 pertinebat,
2558 2337 2676 2421 ob
2764 2337 3126 2450 longum
3196 2341 3464 2423 inter-

266 2464 605 2573 vallum,
678 2492 854 2552 non
928 2485 1099 2552 tam
1174 2466 1420 2554 facile
1489 2474 1677 2554 erat'
1735 2468 2120 2553 adeunda
2191 2464 2831 2574 consecrandis,
2900 2470 3201 2554 ineunt
3267 2493 3465 2553 om-

269 2623 402 2682 nes
464 2595 1005 2699 confilium,
1057 2623 1105 2680 a
1171 2598 1625 2709 sane-toque
1694 2595 2135 2744 Stephano
2208 2588 2775 2706 expostulant,
2819 2615 2939 2679 πε
2979 2616 3462 2744 metropo-

275 2728 407 2813 lim
472 2727 724 2835 adeat
788 2726 1322 2839 Episcopum
1391 2724 1780 2810 Permiae
1849 2724 2303 2835 petiturus.
2439 2723 2602 2807 His
2673 2682 3106 2811 defiderris
3175 2743 3269 2808 vt
3336 2723 3488 2843 sa·-

273 2857 611 2944 tisfaciat
676 2855 813 2942 vir
880 2855 1224 2942 Sanctus
1264 2912 1294 2962 ,
1376 2854 1537 2944 iter
1603 2852 1976 2965 suscipit,
2044 2852 2508 2938 Moscuam
2579 2852 2816 2938 venit
2883 2872 2972 2938 et
3040 2876 3488 2963 magnum·

272 2985 760 3073 Moscoviae
833 2987 1147 3070 ducem
1212 2983 1765 3071 Demetrium
1833 2982 2339 3067 Ioannidern
2380 3037 2410 3085 ,
2519 2982 2662 3090 qui
2741 2981 2861 3064 ob
2934 3001 3458 3092 reportatam

278 3139 643 3227 magnam
739 3115 845 3200 de
914 3113 1006 3198 T
1012 3115 1258 3198 atatis
1330 3133 1559 3198 trans
1630 3109 2261 3217 Borysthenem
2331 3108 2435 3192 ad
2504 3106 2869 3192 fluuium
2943 3110 3458 3221 Nepriadwa

274 3246 725 3352 victoriam,
793 3242 1479 3350 Borysthinensrs·
1541 3239 2075 3354 (Donskoy)
2150 3238 2809 3346 cognominatus
2883 3236 3028 3345 est,
3111 3239 3454 3342 Metro·
3559 3293 3566 3300 ·

274 3375 783 3488 politamque
869 3371 1313 3457 Pimenem
1379 3371 1954 3482 supplicatur,
2046 3385 2143 3450 vt
2209 3365 2514 3478 genti,
2613 3391 2885 3478 nuper
2951 3366 3444 3453 christianae

268 3504 647 3616 religioni
717 3502 1129 3628 addictae,
1198 3499 1677 3649 Episcopus
1754 3498 2030 3583 detur.
2174 3585 2184 3594 ,
2919 3519 2924 3526 ·

632 3630 1092 3736 Praecibus
1163 3631 1343 3715 eius
1404 3644 1870 3714 annuentes
1928 3650 2285 3736 magnus
2325 3623 2844 3710 Moscouiae
2904 3624 3085 3710 dux
3125 3641 3216 3708 et
3245 3603 3450 3709 Me·

274 3757 1126 3876 tropolitafiuffragio
1196 3757 1593 3845 omnium
1648 3729 2282 3867 Episcoporum
2354 3771 2445 3839 et
2509 3768 2988 3836 conuentus
3057 3752 3453 3840 ecclefia-

274 3892 463 4001 ffici,
526 3891 705 4004 ipse
740 3887 1221 4001 Stephanus
1289 3885 1768 3998 Episcopus
1836 3882 2225 3972 Per-miae
2297 3881 2813 3990 designatur-3
2879 3905 3145 3965 nemo
3215 3885 3448 3966 euim

268 4022 449 4112 sede
534 4017 1000 4134 episcopali
1086 4016 1434 4126 dignior
1495 4012 1945 4100 videbatur
2011 4011 2169 4097 illo
2209 4068 2239 4117 ,
2343 4011 2491 4124 qui
2559 4009 2847 4124 lucem
2916 4009 3448 4095 christianam

268 4153 351 4240 ’m
413 4152 571 4242 hac
639 4169 1056 4234 terrarum
1122 4164 1362 4260 parte
1428 4141 2006 4256 propagauit,
2098 4140 2246 4251 qui
2313 4158 2579 4226 tantas
2651 4136 3072 4222 molestias
3110 4196 3150 4252 ,ι
3225 4139 3449 4226 cala-

218 4275 587 4378 'mitates
662 4294 753 4363 et
814 4275 1039 4362 vitae
1107 4265 1484 4386 pe‘ricula
1555 4270 1669 4357 ob
1739 4295 1927 4355 eam
1996 4268 2427 4380 perpeffus
2512 4264 2697 4374 est,
2804 4267 2949 4378 qui
3033 4267 3446 4377 improbo

270 4410 547 4500 labore
614 4405 1121 4495 slavonicos
1190 4401 1459 4487 libros
1544 4401 1630 4485 in
1699 4399 2024 4486 idioma
2093 4392 2588 4482 Zirenicum
2662 4394 3073 4480 transtulit
3137 4414 3227 4480 et
3297 4398 3443 4509 qui

274 4538 561 4625 euerfis
642 4534 901 4620 idolis
971 4532 1321 4679 ’templa
1397 4528 1839 4615 christiana
1935 4526 2346 4612 extruxit.
2511 4522 2777 4608 Anno
2863 4524 3126 4633 igitur
3201 4545 3436 4626 1333

271 4683 583 4766 creatur
650 4663 797 4752 ille
863 4661 1188 4777 primus
1227 4658 1612 4746 Permiae
1648 4654 2164 4766 EpiscopuS,
2213 4673 2301 4737 et
2366 4654 2655 4740 multis
2727 4677 2774 4736 a
2842 4677 3155 4761 magno
3189 4651 3443 4738 Duce

271 4813 351 4882 et
407 4787 980 4904 Metropolita
1049 4787 1533 4874 cumulatus
1603 4786 1855 4872 donis
1922 4785 2009 4868 in
2080 4781 2508 4886 Permiam
2591 4781 2878 4887 redit,
2979 4776 3440 4895 sedemque

276 4922 822 5042 episcopalem
890 4918 980 5003 in
1049 4916 1305 5028 vice,
1354 4916 1502 5006 vbi
1570 4915 1848 5031 prima
1916 4911 2356 5001 christiana
2421 4908 2766 4995 ecclefia
2837 4907 3180 4995 fundata
3232 4921 3448 5019 erat,

386 5049 724 5166 Histoire
786 5049 885 5135 de
963 5064 1236 5158 1788·
2276 5064 2326 5134 Q
2701 5091 2710 5096 -
2915 5089 2918 5092 ·
3214 5037 3441 5154 figit,
3525 5153 3535 5163 ι
