4288 5844
2021 513 3064 635 ε’·-·--···----·-·(θωῦμξΔ

903 765 1363 866 propterea
1433 745 1672 860 quod
1738 745 2044 831 eadem
2109 744 2449 836 ‘solutio
2532 769 2647 834 ex
2726 741 3028 856 primis
3100 735 3657 831 Geometriae
3721 736 4155 849 elemem,

905 885 1015 967 tis
1086 876 1396 968 deduci
1460 874 1888 990 potuiffet.

1787 1105 1798 1118 ·
1893 1080 2341 1201 Solutio
2458 1073 3132 1239 'synthetica

1924 1274 2362 1421 eiusdem
2425 1272 3093 1408 problematis

1296 1476 1370 1586 §.
1452 1501 1598 1578 23.
1771 1473 2001 1563 Cum
2089 1479 2458 1568 circulus
2549 1496 2847 1563 centro
2921 1474 2997 1591 C
3078 1475 3323 1562 radio
3410 1468 3486 1560 C
3530 1471 3812 1559 .-·-N
3685 1541 3812 1558 ..-
3874 1470 3956 1563 C
4007 1475 4098 1562 M

554 1594 731 1666 Tab.
782 1591 872 1667 ῙῙ·
917 1607 1381 1718 descriptus
1451 1606 1672 1691 hanc
1737 1606 2045 1692 habeat
2110 1608 2794 1719 proprietatem,
2879 1622 2974 1690 vt
3041 1631 3344 1698 omnes
3416 1604 3846 1691 normales
3924 1601 4097 1694 ΖΕ

556 1697 697 1795 ΕΒ
749 1716 804 1787 ⁵
912 1739 1016 1823 ad
1089 1757 1478 1821 centrum
1552 1731 1628 1820 C
1698 1736 2095 1844 tendant,
2163 1737 2540 1847 ideoque
2607 1735 2831 1820 inter
2895 1733 2976 1819 se
3046 1735 3206 1819 fint
3273 1732 3667 1858 aequales
3709 1792 3739 1841 ,
3842 1737 4100 1822 mani-

913 1865 1214 1950 festum
1280 1865 1427 1971 est,
1484 1859 1543 1950 fi
1610 1865 1902 1975 plures
1974 1866 2477 1951 huiusmodi
2549 1863 2845 1950 circuli
2915 1865 3020 1950 ad
3088 1850 3439 1977 planum
3509 1862 4101 1977 tabulaeper-

849 1981 852 1984 ⁵
908 1995 1574 2107 pendiculariter
1645 1994 2288 2103 constituantur,
2354 1995 2442 2078 in
2508 1994 2853 2106 fingulis
2923 2020 3226 2080 omnes
3302 1992 3729 2079 normales
3801 2018 4103 2106 aequa·

911 2124 1037 2208 les
1109 2124 1323 2206 fore.
1464 2121 1852 2206 Tantum
1918 2125 2183 2236 igitur
2251 2124 2682 2236 superest,
2783 2143 2878 2208 vt
2946 2119 3439 2209 circuliilli
3484 2122 3922 2208 'continua
3987 2122 4103 2210 se-.

915 2249 1065 2335 1ie'
1123 2253 1241 2334 ita
1328 2249 1958 2362 disponantur,
2040 2272 2138 2338 vt
2220 2255 2647 2340 normales
2735 2252 2935 2339 illae
3023 2250 3217 2339 CZ
3300 2253 3559 2337 etiam
3644 2252 3765 2346 ad,
3838 2252 4102 2338 circu-

911 2379 1049 2462 los
1138 2380 1539 2490 proxime
1630 2384 2087 2489 contiguos
2192 2384 2619 2469 normales
2726 2383 2951 2488 fint,
3055 2384 3147 2466 id
3239 2381 3530 2495 quod
3578 2381 3932 2490 euenit,
4019 2382 4100 2468 >fi

913 2525 1348 2591 c-entrum
1377 2502 1451 2589 C
1521 2508 1605 2590 in
1694 2509 2159 2593 directione
2251 2508 2470 2620 Cc,
2566 2511 2684 2646 lad
2774 2513 3281 2598 diametrum
3366 2509 3593 2598 MN
3675 2510 4101 2623 normali,

908 2636 1156 2747 super
1210 2634 1483 2747 plano
1551 2656 2201 2747 promoueatur.
2298 2745 2306 2752 ·

1213 2851 1370 2963 .§.
1451 2880 1597 2962 24.
1736 2857 1967 2942 Huic
2060 2877 2345 2943 autem
2434 2828 2916 2944 conditioni
3006 2857 3468 2949 manifesto
3538 2856 3943 2967 satisfiet,
4042 2859 4097 2944 fi

913 2978 1494 3068 semicirculus
1563 2984 1710 3068 ille
1779 2986 1884 3069 M
1924 2983 2124 3071 ZN
2165 3046 2193 3096 ,
2294 2989 2397 3074 ad
2469 2988 2816 3099 planum
2890 2987 3224 3074 tabulae
3293 2987 4098 3103 perpendiculariter

580 3099 716 3194 ¹³¹8·
771 3097 837 3169 6·
910 3111 1272 3215 erectus,
1314 3111 1425 3196 ita
1496 3135 2144 3223 promoueatur,
2212 3133 2308 3197 vt
2374 3118 2556 3199 eius
2630 3135 3019 3200 centrum
3087 3116 3336 3227 super
3404 3141 3665 3203 curua
3737 3138 4099 3228 quacun·

917 3263 1082 3348 que
1170 3236 1473 3326 EUF
1559 3243 2153 3351 protrahatur,
2262 3243 2375 3328 ita
2464 3260 2560 3326 vt
2643 3246 2823 3328 eius
2917 3248 3367 3330 diameter
3398 3246 3633 3332 MN
3702 3248 3809 3332 ad
3875 3248 4100 3330 illam

910 3391 1264 3451 curuam
1335 3364 1640 3454 EUF
1707 3372 2187 3483 perpetuo
2201 3387 2485 3456 teneat
2549 3372 2795 3456 fitum
2866 3373 3417 3481 normalem,
3497 3373 3669 3459 fiue
3733 3393 3832 3460 vt
3894 3376 4104 3460 resta

914 3492 1146 3578 ΜΝ
1212 3494 1534 3606 vbique
1605 3524 1953 3585 curuam
2024 3500 2109 3583 in
2154 3475 2382 3586 Uad
2452 3501 2813 3611 angulos
2882 3505 3159 3589 rectos
3231 3507 3481 3587 secet.
3607 3504 3814 3589 Hoc
3883 3505 4098 3590 enim

915 3624 1186 3707 modo
1256 3626 1735 3737 peripheria
1806 3628 2032 3714 istius
2104 3627 2403 3713 circuli
2477 3631 2734 3715 talem
2802 3630 3345 3743 superficiem
3415 3630 3900 3741 describet,
3966 3659 4103 3735 cu·

911 3751 1416 3838 ius·omnes
1487 3758 1911 3863 normales
1955 3816 1983 3866 ,
2094 3784 2308 3870 quae
2389 3779 2811 3871 perpetuo
2882 3763 2985 3847 ad
3053 3758 3316 3872 ipsam
3386 3787 3739 3847 curnam
3808 3758 4103 3849 EUF

919 3881 1454 3992 dirigentur,
1552 3886 1711 3970 fint
1793 3890 2017 3973 inter
2101 3882 2183 3972 se
2269 3888 2693 3998 aequales.
2860 3891 3245 3976 Euidens
3330 3909 3618 3977 autem
3697 3892 3815 3976 est
3899 3891 4101 3977 hanc

889 4011 1686 4100 constructionem
1736 4038 2002 4102 cum
2036 4018 2606 4203 praecedente
2713 4002 3144 4105 solutione
3249 4020 3666 4129 analytica
3766 4019 4100 4135 prorsus

922 4130 1418 4230 conuenire.

1302 4350 1377 4477 §y
1471 4380 1616 4457 25·
1776 4360 1959 4449 Iam
2029 4361 2695 4451 obseruauimus
2796 4393 3157 4454 curuam
3249 4368 3487 4454 istam
3586 4368 4105 4454 direaestficem

919 4475 998 4569 E
1041 4478 1228 4573 UF
1298 4487 1633 4594 penitus
1682 4489 1846 4577 ab
1879 4494 2239 4579 arbitrio
2296 4496 2587 4581 nostro
2652 4498 3064 4607 pendere,
3135 4517 3389 4611 atque
3457 4498 3676 4585 adeo
3745 4522 3863 4583 ex
3928 4496 4108 4609 plu·
4210 4492 4211 4495 ‘

813 4706 822 4713 Ι
922 4608 1158 4697 ribus
1214 4618 1589 4721 partibus
1649 4647 1814 4732 pro
1867 4622 2143 4713 lubitu
2199 4627 2625 4740 componi
2683 4630 2948 4736 poss'e,
2990 4632 3193 4738 quin
3263 4629 3556 4736 etiam,
3622 4628 4109 4737 Vbicunque

923 4738 1348 4856 lubuerit,
1405 4752 1837 4841 terminum
1904 4755 2253 4868 poterit.
2316 4757 2628 4845 Immo
2694 4759 2860 4844 etia
2914 4760 3209 4846 mloco
3263 4760 3519 4845 huius
3578 4782 3893 4848 curuae
3937 4753 4114 4841 vni·
4210 4786 4211 4789 Ν

3925 4905 4108 4972 Cum
4210 4902 4211 4915 ¹
