4288 5844
1322 452 2409 553 H1smo1RE.
3022 388 3046 434 ⁵
3344 501 3468 588 ῃ

304 701 587 785 bonum
676 686 931 802 copia
993 706 1084 777 et
1154 692 1699 840 quantumuis
1787 693 2197 780 alcohole
2280 694 2459 781 vini
2547 692 2689 785 vel
2773 695 3264 789 immediate
3339 706 3471 791 di-

302 827 662 927 luantur,
766 821 908 905 vel
992 848 1106 906 ex
1188 822 1540 907 materia
1621 822 1725 907 iis
1813 825 2161 938 grauida
2247 825 2808 916 destillatione
2880 857 3079 917 cum
3162 828 3463 945 sp'iritu

294 955 461 1053 vini
504 950 1078 1038 extrahantur.
2175 988 2182 995 ·

1728 1057 1767 1085 Q

634 1167 731 1260 Si
793 1195 1010 1257 vero
1095 1168 1421 1285 spiritui
1508 1171 1715 1259 oleo
1793 1174 2173 1286 quodam
2244 1175 2651 1262 aethereo
2716 1158 3062 1263 imbuto
3132 1194 3464 1265 tantum

292 1306 612 1419 addatur
680 1328 1002 1416 aquae,
1069 1320 1168 1385 vt
1232 1303 1674 1402 lactescat3
1749 1321 1958 1389 tunc
2028 1305 2578 1390 admiscendo
2653 1303 2916 1390 semel
2986 1306 3464 1399 carbonum

288 1436 626 1525 debitam
699 1422 1327 1546 quantitatem,
1433 1430 1766 1544 spiritus
1857 1460 2073 1544 aqua
2163 1435 2652 1521 debilitatus
2740 1436 2956 1521 oleis
3028 1454 3120 1520 et
3186 1438 3463 1527 odore

286 1589 562 1655 eorum
628 1558 970 1675 prorsus
1043 1563 1502 1673 priuatus,
1602 1562 1812 1645 dum
1913 1562 2325 1650 carbones
2367 1624 2395 1673 .,
2497 1563 2724 1649 laeso
2796 1564 3461 1657 combinationis

283 1693 607 1782 viuculo
643 1750 673 1800 ,
775 1708 1061 1803 partes
1137 1689 1469 1776 oleosas
1557 1688 2019 1777 absorbent
2105 1691 2222 1779 ita
2262 1751 2291 1804 ,
2392 1711 2487 1779 vt
2551 1696 2810 1783 etiam
2877 1695 3239 1810 proprio
3309 1695 3462 1783 suo

284 1827 528 1918 odore
595 1819 1172 1907 destituantur.

1353 2010 1564 2100 Olea
1631 2020 2326 2129 empyreumatica.

637 2174 712 2287 §.
754 2196 901 2277 50.
973 2165 1202 2258 Olea
1268 2189 1565 2258 contra
1634 2177 2413 2287 empyreumatica‚
2481 2172 2671 2262 satis
2712 2175 3058 2288 copiosa
3102 2174 3469 2262 alcoho·
3611 2168 3614 2177 '

283 2306 374 2394 lis
432 2303 605 2389 vini
677 2302 1142 2414 quantitate
1213 2290 1531 2407 soluta,
1601 2304 2157 2414 carbonibus,
2227 2303 2460 2389 nulla
2531 2308 2747 2390 adeo
2819 2332 3036 2416 aqua
3110 2306 3462 2412 addita,

284 2437 529 2525 odore
584 2450 1173 2551 „noutantum
1246 2435 1987 2543 empyreumatico
2027 2492 2056 2540 ‚
2160 2434 2298 2520 sed
2389 2434 2686 2519 colore
2777 2435 3040 2521 etiam
3109 2435 3222 2518 ita
3285 2436 3463 2545 pri-

277 2584 619 2671 vantur,
721 2580 816 2647 vt
881 2560 1196 2645 solutio
1265 2560 1650 2683 ipsorum
1719 2561 2058 2676 spiritus
2127 2563 2535 2675 purissimi
2604 2564 2709 2655 ad
2771 2552 3038 2651 'instat
3119 2563 3462 2674 prorsus

279 2692 607 2808 limpida
674 2709 763 2779 et
828 2690 1195 2776 inodora
1264 2689 1595 2775 euadat.
1970 2684 1979 2689 ’

628 2911 722 3002 Si
806 2931 1096 3002 tamen
1180 2910 1397 3030 oleis
1489 2890 2242 3027 'empyreumaticis
2335 2938 2511 2998 non
2599 2907 2893 2996 solutis
2983 2909 3460 2996 carbonum

268 3045 535 3164 puluis
606 3046 1011 3143 addatur3
1104 3044 1335 3154 nulla
1405 3043 1527 3134 fit¹
1571 3047 1932 3128 mutatio
2006 3031 2441 3157 ipsorum,
2546 3038 2662 3124 ob
2733 3037 3205 3124 voluminis
3277 3041 3463 3124 exi·

267 3179 740 3290 gnitatem,
843 3200 1002 3286 per
1101 3199 1358 3283 quam
1450 3172 1735 3257 debita
1840 3171 2378 3257 absorbendo
2484 3168 2726 3258 omui
2828 3169 3458 3286 empyreumati

266 3309 728 3395 carbonum
797 3303 1221 3417 quantitas
1291 3302 1488 3388 addi
1557 3301 1749 3415 ipfis
1818 3327 1998 3387 non
2064 3300 2368 3416 potest.

830 3461 881 3488 l

1199 3516 1484 3630 Aquae
1530 3516 2006 3628 stillaticiae
2047 3514 2483 3631 simplices.

636 3677 712 3790 ᾗ.
789 3699 933 3780 51.
1035 3676 1401 3787 Aquae,
1464 3675 2033 3762 destillatione
2103 3656 2349 3787 super
2417 3693 2734 3780 corpus
2806 3665 3243 3780 quoddam
3314 3694 3455 3755 ae-

258 3809 633 3895 thereo·
669 3806 1060 3893 oleosum
1133 3805 1577 3895 abstractae
1619 3865 1648 3913 ‚
1755 3805 2051 3891 addito
2126 3803 2599 3889 carbonum
2667 3797 3024 3908 puluere
3065 3854 3094 3906 ,
3199 3798 3459 3908 parti·-

242 3939 467 4025 'culis
534 3935 1337 4025 aethereo-oleofis
1408 3953 1496 4019 et
1562 3935 1891 4042 odore,
1975 3932 2283 4045 quibus
2361 3929 2736 4014 imbutae
2807 3928 3044 4030 sunt,
3114 3926 3458 4036 priuau-

249 4083 389 4153 tur
458 4070 831 4182 prorsus.
967 4067 1213 4151 Idem
1287 4087 1643 4178 quoque
1710 4063 2089 4176 respectu
2158 4085 2570 4174 aquarum
2614 4114 2644 4164 ,
2750 4053 3187 4165 particulis
3281 4081 3463 4139 em-

246 4194 1268 4311 pyreumatico-oleofis
1339 4197 2161 4307 impraegnatarum‚
2228 4191 2527 4275 locum
2595 4182 2881 4271 habet.
3452 4213 3460 4221 ·

826 4434 1101 4553 Insusa
1170 4436 1460 4550 aquosa
1507 4432 2132 4549 substantiarum
2200 4426 2803 4538 vegetabilium.

634 4595 709 4707 §.
791 4617 938 4699 52.
1071 4595 1266 4683 Nec
1352 4620 1532 4682 non
1618 4593 2083 4678 infufiones
2170 4587 2533 4692 aquosae
2620 4597 3157 4695 gummatum
3249 4582 3453 4690 aflfae

242 4726 623 4819 foetidae
693 4743 781 4811 et
850 4725 1237 4839 galbani,
1345 4725 1734 4814 tadicum
1803 4721 2365 4837 serpentariae
2449 4733 2539 4803 et
2603 4711 3127 4821 valerianae,
3232 4713 3457 4798 odo-

373 4855 718 4980 Histeire
785 4856 881 4944 de
959 4873 1231 4967 1788.
2269 4849 2330 4935 k
3264 4867 3455 4929 rem
