4288 5844
1326 594 1646 660 ====
1700 564 1940 680 (24⁵
1964 566 2020 682 ).
2063 594 2399 657 ====

251 817 582 912 praeter.
661 792 1017 881 serrum.
1072 793 1323 906 saepe
1407 795 1865 904 stannum,
1972 816 2287 885 terram
2357 824 2536 884 non
2586 796 3212 906 ·metallicarn,
3315 797 3477 889 vel*

115 1030 122 1037 ο
248 931 505 1014 etiam
575 950 773 1011 cum
827 923 1249 1008 Arsenico
1321 928 1712 1011 mixtam.
1856 925 2144 1041 Quam
2211 930 2502 1017 a'utem
2568 926 2799 1014 'varia
2866 928 3015 1014 ille
3083 931 3307 1016 inter
3376 933 3460 1017 se

253 1056 708 1143 confundit
776 1078 1190 1164 corpora,
1257 1080 1370 1139 ex
1437 1081 1616 1161 eo,
1729 1081 1926 1139 cum
1966 1116 1999 1168 ,
2101 1059 2505 1166 fortafl‘e,
2576 1059 2887 1143 dubius
2974 1086 3461 1170 ancepsque

248 1188 546 1294 dicat,
607 1184 992 1298 spumam
1078 1183 1334 1294 lupi,
1433 1184 1956 1271 Schoerlum
1998 1245 2027 1294 ,
2132 1188 2663 1299 Magnesiam
2731 1191 3064 1301 nigram
3134 1210 3222 1276 et
3290 1193 3464 1276 fer-

245 1343 429 1403 rum
507 1316 986 1401 micaceum
1058 1339 1237 1398 non
1307 1314 1554 1400 valde
1629 1317 1852 1401 inter
1922 1318 2002 1402 se
2076 1317 2619 1432 discrepare,
2718 1320 3037 1431 cuique
3102 1321 3457 1433 patebit.

245 1444 678 1558 Vogelius
766 1465 1199 1529 caeterum
1271 1469 1472 1527 cum
1539 1470 1651 1527 eo
1722 1447 2325 1556 consentiens,
2407 1473 2599 1533 eam
2699 1450 2972 1534 modo
3078 1451 3458 1561 speciem

247 1567 1423 1689 Spumaelup1,Scboerlum
1496 1575 2095 1684 appellandam
2163 1577 2326 1662 esse
2398 1579 2880 1695 contendit,
2954 1605 3170 1689 quae
3236 1582 3461 1692 pris·

245 1693 547 1793 m‘atica
633 1705 813 1814 est,
921 1703 1322 1788 lateribus
1414 1703 1956 1790 inordinatis
2126 1705 2297 1794 Sed
2370 1706 2746 1792 Baumer
2811 1707 3166 1793 vlterius
3251 1736 3475 1820 pro-⁴

245 1840 625 1955 grefl'uS,
733 1854 820 1920 et
849 1834 1260 1945 Spumae
1351 1830 1532 1947 lupi
1622 1832 2140 1921 Schoerlum
2225 1835 2764 1922 fimillimum
2858 1834 3208 1948 quidem
3292 1839 3529 1925 effe·

245 1967 445 2053 dicit
471 2025 518 2074 .,
620 1964 1096 2050 laeuiorem
1188 1983 1471 2047 tamen
1556 1982 1646 2047 et
1730 1966 2511 2075 ponderofiorem,
2612 1992 2773 2052 nec
2867 1964 3457 2078 ferrugineum

243 2094 381 2180 sub
456 2093 735 2180 rasura
820 2094 1407 2180 ostendentem
1479 2091 1922 2204 colorem,
1992 2095 2500 2208 saepiusque
2566 2122 2773 2207 prae
2838 2095 3013 2180 illis
3085 2095 3460 2182 multan-

231 2226 622 2336 gularem
693 2243 781 2309 et
851 2225 1347 2309 tesselatum.
1483 2223 1714 2308 Hinc
1783 2244 2020 2336 patet
2087 2224 2335 2310 illum
2408 2226 2862 2313 discrimen
2927 2228 3150 2313 inter
3219 2251 3464 2336 crys·
3580 2230 3590 2240 “

245 2354 434 2444 tana
507 2352 803 2446 Stanni
869 2373 959 2438 et
1026 2352 1669 2461 Schoerlijam
1735 2353 1925 2444 satis
1996 2355 2536 2442 intellexifl‘e.

378 2683 386 2693 .
622 2617 940 2708 Venio,
989 2643 1214 2704 nunc
1284 2621 1386 2706 ad
1457 2620 1618 2704 cel.
1693 2617 1983 2730 Sage,
2058 2619 2206 2732 qui
2275 2617 2363 2703 in
2434 2618 2662 2708 libro
2742 2643 3019 2731 1772.
3123 2616 3450 2709 Parifiis

242 2745 392 2833 sub.
453 2744 549 2831 T
553 2747 773 2835 itulo
842 2746 1203 2834 Elemens
1267 2750 1364 2834 de
1433 2744 1970 2858 Mineralogie
2035 2748 2592 2858 docimastique
2658 2746 2900 2834 edito
2939 2807 2975 2856 ,
3074 2746 3453 2837 Schocr·

240 2876 409 2962 lum
501 2877 653 2963 sub
734 2879 1492 2991 vno-eodemque
1581 2880 1936 2966 nomine
2018 2879 2433 2991 generico
2498 2905 2723 2964 cum
2806 2878 3151 2965 Balalte
3218 2880 3485 2988 illo,-

241 3008 512 3094 trabes
583 3007 767 3096 illas
806 3068 837 3118 ,
903 3028 1003 3095 vt
1065 3009 1533 3121 Agricolae
1601 3011 1886 3096 verbis
1956 3031 2210 3117 vtar,
2315 3005 2970 3119 nonnumquam
3042 3011 3453 3096 constitu·

236 3159 483 3246 ente,
551 3138 921 3250 intelligi
989 3140 1270 3225 voluit
1335 3161 1422 3225 et
1491 3139 1745 3225 nobis
1820 3138 2481 3249 quatuordecim
2550 3135 2804 3224 huius
2875 3131 3215 3252 generis
3268 3139 3455 3251 spe·

237 3266 404 3353 cies
492 3268 940 3376 recenset,
1045 3269 1633 3381 (quamquam
1722 3289 1896 3354 tres
1984 3268 2085 3353 ad
2177 3266 2771 3353 columnarem
2842 3269 3093 3352 illum
3178 3269 3446 3378 perti-

231 3416 437 3483 nent
479 3398 583 3507 3)
687 3417 777 3484 et
843 3394 1156 3484 multas
1245 3396 1642 3484 Schoerli
1712 3397 2447 3505 crystallisationes
2518 3416 2607 3480 et
2676 3397 3030 3507 quidem
3099 3421 3445 3482 accura-

229 3528 534 3612 tiffime
602 3527 1058 3641 descripsit.
1129 3526 1361 3613 Huic
1432 3526 1719 3638 postea
1755 3526 1860 3610 de
1899 3524 2116 3631 vlle,
2180 3524 2306 3610 vir
2379 3525 2628 3637 sagax
2714 3544 2969 3638 atque
3043 3524 3439 3632 affiduuS,
3540 3635 3545 3638 .

226 3655 311 3742 in
376 3657 766 3742 nominis
838 3678 1095 3768 atque
1162 3657 1639 3767 specierum
1707 3655 2278 3763 definitione,
2374 3654 2683 3741 additis
2754 3653 3006 3740 nouis
3079 3653 3440 3767 quibus-

223 3786 415 3873 dam
489 3785 823 3873 secutus
893 3786 1038 3870 est.
1206 3784 1325 3870 Et
1410 3785 1811 3872 haetenus
1901 3785 2154 3870 bene.
2321 3782 2495 3872 Sed
2568 3783 2776 3895 quid
2846 3786 2953 3869 de
3024 3783 3169 3869 illa
3250 3783 3439 3870 eius

73 3947 76 3950 ¹
219 3914 704 4025 sententia,
807 3941 972 4027 qua
1057 3913 1400 4028 prorsus
1470 3913 1574 4000 ab
1647 3914 2049 4002 omnibus
2120 3909 2519 4002 Naturae
2576 3912 3214 4004 scrutatoribus
3286 3909 3442 4000 ab·

215 4047 409 4133 nuit
480 4047 943 4132 dicendum
1009 4043 1175 4152 fit,
1254 4045 1576 4132 nescio.
1707 4042 2071 4155 Primo,
2173 4042 2569 4166 scilicet,
2638 4035 2935 4128 calcem
3001 4068 3116 4132 ex
3182 4043 3435 4130 acido

215 4173 788 4291 phosphoreo
868 4192 958 4260 et
1042 4194 1262 4261 terra
1343 4173 1915 4278 absorbente3
1977 4194 2229 4294 ‘tunc
2296 4159 2717 4300 Quarzum
2784 4199 2899 4261 ex
2982 4174 3236 4262 acido
3303 4170 3439 4255 vi·-

214 4306 459 4392 trioli
528 4323 615 4392 et
680 4303 966 4391 Alcali
1031 4302 1282 4414 fixo,
1382 4322 1472 4390 et
1556 4306 1909 4390 demum
1972 4301 2358 4415 Basalten
2444 4328 2559 4388 ex
2645 4301 2897 4389 acido
2987 4289 3475 4424 phospho«

211 4460 373 4522 reo
446 4435 705 4522 calcis
772 4453 864 4521 et
926 4433 1212 4521 Alcali
1279 4432 1455 4522 fixa
1526 4433 1853 4549 Quarzi
1938 4431 2318 4520 constare
2414 4432 2819 4546 perhibet
2881 4449 3137 4545 atque
3208 4429 3477 4526 affin...

207 4573 444 4651 mat.¹
562 4562 1012 4681 Quoniam
1072 4563 1221 4649 ille
1293 4591 1454 4650 nos
1525 4565 1610 4652 in
1679 4561 2214 4676 praefatione
2284 4582 2646 4672 monet,
2716 4577 2811 4647 vt
2881 4562 2987 4647 de
3056 4553 3475 4647 inuentis'

204 4677 476 4816 ipfius
530 4689 814 4780 nullo
831 4689 1108 4788 modo
1175 4694 1704 4803 dubitemus,
1743 4693 2064 4807 quippe
2133 4690 2283 4780 ille
2357 4691 2613 4779 nullis
2683 4694 3074 4803 pepercit
3137 4689 3479 4822 sump-³

206 4825 448 5000 tibus
530 4824 639 4914 ad
720 4821 1312 4943 experimenta
1369 4825 1558 4913 rite
1624 4825 2134 4913 instituenda
2172 4883 2203 4933 ,
2303 4823 2630 4909 neceffe
2714 4822 2981 4934 igitur
3047 4820 3232 4932 est,
3337 4836 3435 4904 vt

407 4999 412 5008 ·
1888 4954 2090 5048 Hh
2160 4979 2213 5064 a
3253 4949 3436 5067 ipfi
