4288 5844
1243 543 1564 577 ············
1630 517 1877 670 (⁸⁷.)
1942 547 2246 582 -······

202 749 426 838 littera
485 740 596 826 Y.
734 741 1067 855 Quodfi
1150 744 1322 830 iam
1388 771 1516 840 ex,
1563 743 1885 857 puncto
1952 741 2047 832 V
2111 745 2487 856 erigatur
2553 749 2656 835 ad
2729 752 3078 863 planum
3148 783 3343 868 per..

197 871 697 993 pendiculum
766 861 1881 985 vzzlsoza-vaezo,
1955 874 2070 959 ob
2140 865 3112 1000 z:V(aqz—†vv),
3182 885 3343 969 erit

199 1006 539 1121 puncium
632 995 710 1085 Z
794 1002 882 1084 in
969 1002 1141 1113 ipsa
1227 1002 1672 1113 superficie
1767 1030 2023 1115 quam
2115 1008 2671 1113 quaerimus;
2780 1032 2868 1093 et
2958 1039 3158 1096 cum
3244 1014 3344 1097 fit

197 1130 677 1221 interuallum
752 1124 1252 1239 ZUza,
1314 1133 1583 1242 .quod
1653 1117 2041 1221 ⁸exhibet
2103 1134 2366 1243 ipsam
2438 1139 2918 1236 normalem
2991 1143 3097 1224 ad
3183 1169 3343 1226 no-

196 1265 386 1348 stram
447 1257 985 1368 superficiem
1025 1318 1055 1382 7
1156 1260 1359 1348 hinc
1443 1281 1680 1372 patet
1749 1288 2065 1363 ⁴omnes
2137 1265 2568 1352 normales
2638 1267 2726 1351 in
2814 1269 3077 1379 ipsam
3148 1295 3342 1356 cur-

199 1415 347 1478 vam
400 1386 471 1473 E
516 1386 711 1475 UF
775 1387 1188 1475 incidere.

103 1729 104 1766 3
520 1647 595 1758 §.
675 1675 821 1731 21.
963 1651 1288 1765 Quodsi
1372 1655 1543 1739 iam
1626 1657 1846 1745 hanc
1937 1655 2473 1767 superficiem
2559 1660 3001 1766 iuuentam
3084 1660 3344 1746 secari

201 1779 727 1890 concipiamus
802 1778 1060 1891 plano
1131 1784 1234 1867 ad
1306 1784 1679 1874 tabulam
1755 1786 2119 1870 normali
2190 1810 2278 1872 et
2346 1816 2495 1899 per
2568 1789 2744 1875 US
2823 1789 3342 1896 transeunte,

103 1912 262 2012 A-in
314 1903 447 1992 ha'c
518 1908 883 1993 sectione
952 1913 1428 2022 reperietur
1492 1916 1901 2024 punc'ium
1975 1910 2115 2023 Z,
2218 1920 2445 2000 vnde
2516 1944 2675 2025 pro
2744 1917 3013 2027 figura
3084 1919 3340 2001 huius

103 2099 104 2148 3
202 2029 525 2122 sefiionis
567 2096 596 2144 ,
669 2039 722 2120 fi
790 2040 1011 2124 red’ta
1082 2039 1547 2127 UVzv
1638 2042 2009 2126 sumatur
2091 2071 2253 2153 pro
2338 2043 2664 2128 abscissa
2732 2065 2821 2129 et
2887 2046 3344 2154 VZzz

103 2169 104 2226 ἶ
200 2193 318 2278 pro
375 2166 833 2276 applicata,
943 2174 1339 2279 aequatio
1413 2171 1575 2254 erit
1672 2198 1723 2256 z
1781 2198 1904 2252 :z
1969 2161 2058 2277 1!
2084 2172 2181 2280 (a
2234 2199 2288 2254 a
2337 2219 2462 2232 —
2516 2199 2574 2254 v
2625 2173 2790 2281 v);
2895 2176 3125 2257 vnde
3192 2201 3343 2286 pa-

103 2277 104 2284 *
200 2312 291 2379 tet
346 2296 549 2377 hauc
643 2296 1100 2380 sectionem
1171 2299 1821 2394 effe‘circulum
1863 2307 1936 2406 ,'
1996 2299 2296 2385 centro
2366 2300 2503 2406 U,
2572 2301 2813 2385 radio
2891 2297 3338 2385 ZUza
3416 2398 3422 2404 ⁸

103 2517 104 2520 a
203 2424 685 2533 descriptum.
828 2423 1055 2511 Cum
1142 2427 1404 2538 igitur
1494 2454 1795 2514 omnes
1884 2428 2287 2511 sec'iiones
2385 2430 2490 2511 ad
2582 2431 2930 2537 planum
3003 2430 3338 2515 tabulae

103 2539 106 2584 ³*
201 2551 961 2663 perpendiculariter
1033 2556 1353 2657 fac'tae,
1426 2555 1846 2664 simulque
1917 2556 2020 2639 ad
2095 2583 2446 2641 curuam
2517 2555 2788 2642 EUF
2863 2560 3334 2663 normales,

103 2705 104 2748 :
201 2681 320 2762 sint
371 2681 657 2765 circuli
728 2684 967 2768 radio
1037 2711 1089 2765 a
1155 2683 1604 2794 descripti,
1645 2710 2019 2794 quorum
2090 2703 2392 2791 centra¹
2444 2685 2756 2793 iugiter
2825 2687 2914 2771 in
2987 2713 3338 2771 curuam

201 2806 444 2893 EUF
513 2810 954 2918 incidant,
1057 2832 1236 2895 tota
1291 2795 1784 2922 ,superficies
1827 2870 1857 2919 ,
1965 2839 2223 2922 quam,
2293 2816 2848 2924 quaerimus,
2953 2816 3115 2897 erit
3184 2840 3341 2899 co·

202 2940 425 3045 gnita;
489 2939 909 3048 fimulque
992 2940 1543 3051 perspicitur,
1616 2967 2070 3025 numerum
2142 2946 2535 3026 omnium
2607 2942 3135 3029 solutionum
3202 2969 3340 3025 re-

201 3089 364 3149 vera
420 3069 565 3150 effe
635 3069 1064 3153 infinitum
1107 3129 1137 3176 ,
1226 3093 1680 3181 propterea
1752 3072 1988 3181 quod
2062 3096 2321 3156 curua
2390 3070 2466 3155 E
2506 3069 2692 3156 UF
2756 3071 3105 3182 prorsus
3174 3096 3336 3183 pro

201 3192 493 3280 arbitrio
561 3196 923 3281 describi
992 3197 1293 3311 potest.

525 3459 604 3569 §.
685 3485 832 3541 22.
966 3458 1067 3545 In
1153 3462 1309 3546 hac
1395 3459 1657 3569 igitur
1739 3457 2169 3543 solutione
2258 3457 2542 3542 elucet
2609 3458 3034 3543 charaeter
3100 3460 3337 3570 prin-

193 3582 503 3696 cipaIiS,
594 3615 769 3701 quo
839 3591 1129 3707 omnia
1198 3589 1732 3701 problemata
1782 3582 2022 3672 *circa
2095 3587 2571 3670 functiones
2647 3589 3004 3670 duarum
3069 3586 3341 3673 varia·

193 3712 514 3824 billum,
626 3735 844 3827 quae
914 3722 1572 3830 integrationem
1640 3719 2153 3831 requirunt,
2265 3717 2991 3824 distinguuntur,
3036 3735 3123 3799 et
3193 3716 3341 3825 qui
3422 3764 3431 3769 -

185 3841 256 3924 in
310 3844 465 3928 hoc
537 3847 952 3953 consistit,
1020 3870 1113 3932 vt
1180 3847 1638 3958 integratio
1711 3872 1888 3930 non
1958 3845 2234 3926 solum
2312 3846 2869 3956 quantitatem
2958 3845 3343 3928 constan·

187 3966 380 4078 tem,
443 3975 712 4059 veluti
775 3979 867 4059 in
936 3977 1646 4085 integrationibus
1720 3972 2326 4057 communibus
2397 3972 2540 4055 vsu
2592 3974 2876 4077 venit,
2944 3973 3085 4057 sed
3157 3974 3341 4056 eius

181 4098 364 4184 loco
422 4101 947 4188 functionem
1021 4107 1237 4189 adeo
1308 4105 1826 4189 arbitrariam
1897 4105 1981 4184 in
2048 4100 2480 4185 calculum
2532 4103 3055 4209 introducat,
3129 4126 3343 4210 quae

182 4229 252 4309 in
308 4232 578 4316 nostra
647 4233 1075 4320 solutione
1145 4260 1302 4345 per
1368 4259 1718 4318 curuam
1802 4230 1879 4313 E
1919 4229 2104 4316 UF
2144 4290 2170 4335 ,
2277 4256 2438 4339 pro
2511 4228 2786 4355 lubitu
2859 4231 3343 4321 ducendam

179 4361 839 4465 repraesentatur.
998 4361 1284 4475 Quare
1374 4390 1567 4447 cum
1659 4363 1868 4448 haec
1955 4358 2297 4466 insignis
2385 4360 2863 4468 proprietas
2950 4360 3343 4477 nondum

173 4482 333 4568 satis
406 4514 453 4572 a
516 4489 1005 4576 Geometris
1077 4493 1176 4575 fit
1238 4493 1645 4603 perpensa
1686 4551 1713 4595 ,
1800 4508 2052 4596 atque
2121 4489 2339 4572 adeo
2410 4486 2956 4571 a-nounullis
3031 4488 3117 4569 in
3189 4488 3348 4571 du·

173 4610 388 4698 bium
452 4630 882 4727 vocetur,
986 4621 1160 4705 hoc
1230 4621 1677 4731 problema
1764 4617 2135 4703 maxime
2227 4617 2639 4719 idoneum
2708 4613 2823 4697 est
2893 4614 3161 4699 visum
3233 4618 3342 4702 ad

165 4745 700 4851 grauiffimam
768 4750 990 4834 hanc
1059 4753 1506 4835 veritatem
1574 4768 1812 4835 extra
1881 4771 2143 4832 omne
2207 4747 2588 4831 'dubium
2671 4736 3270 4830 collocandam
3311 4804 3343 4853 ,
3412 4768 3417 4777 ·

2996 4895 3351 4989 propte-
