4288 5844
1937 562 2246 621 a
2306 532 2557 649 (78)
2619 562 2929 618 ====

827 772 994 859 ἅίο
1060 766 1315 881 ipsius
1385 793 1450 859 x
1515 767 1676 857 effe
1751 764 2054 872 dabra(
2098 764 2572 876 {quamtitas}
2583 776 2756 872 y3:
2771 783 2870 851 vt
2935 776 3165 873 perta
3235 764 3654 921 quaedam
3721 764 4041 856 relatio

821 906 1067 1019 inter
1148 897 1747 1031 differentialiq
1830 894 2341 1008 praescripta
2426 893 2756 1001 lorum-
2803 893 2924 991 fit.
2977 892 3460 997 habitura:
3562 895 3686 1001 ita
3781 896 4036 997 fimili

822 1030 1094 1118 modo
1162 1014 1593 1119 eiusmodi
1665 1026 2240 1138 quaestiones
2251 1016 2648 1135 propiunt
2713 1023 3121 1132 potsunt,
3163 1010 3340 1111 assin
3386 1014 3694 1135 quibus
3772 1050 4032 1139 quae-

817 1165 1098 1265 ritur,
1186 1154 1456 1267 qualis
1514 1153 1867 1245 Γιιιιόὶίο
1960 1156 2353 1245 binarum
2436 1152 2972 1267 variabilium
3057 1180 3123 1237 x
3188 1169 3278 1237 et
3316 1179 3390 1258 y
3473 1155 3634 1241 effe
3723 1154 4032 1242 debeat

828 1285 1245 1403 quantitas
1311 1313 1415 1389 z,
1511 1301 1607 1371 vt
1674 1303 1901 1370 certa
1972 1286 2394 1405 quaedam
2458 1250 2937 1398 proprietas
3005 1281 3486 1411 propofita,
3553 1308 3711 1399 per
3782 1284 4020 1373 diffe-

824 1418 1205 1508 rentialia
1242 1404 1721 1526 expffefl'a,
1768 1413 2283 1511 obtineatur
2353 1498 2372 1513 ,
2939 1448 3020 1513 ;,
3169 1472 3244 1509 ,ι
3289 1488 3338 1515 ..
3423 1496 3440 1515 .
3611 1442 3630 1521 1

1217 1639 1292 1745 §.
1367 1664 1454 1741 3.
1565 1635 1791 1726 Cum
1862 1639 2125 1751 igitur
2191 1637 3293 1751 huiusmodiqua'estiones
3364 1637 3590 1723 circa
3660 1635 4026 1724 funffio·

832 1797 984 1858 nes
1074 1769 1430 1854 duarum
1498 1768 2036 1854 variabilium
2104 1758 2589 1881 versentur,
2656 1786 2940 1853 totum
3011 1768 3184 1853 hoc
3251 1785 3856 1878 argumentum
3923 1768 4028 1854 ad

830 1926 1019 1986 eam
1085 1898 1564 2002 Analyseos
1621 1892 1962 2008 partem
2033 1899 2150 1985 est
2212 1900 2815 2004 referendum,
2883 1897 2972 1981 in
3042 1922 3207 2009 qua
3277 1897 3757 1982 funstiones
3822 1897 4024 1995 dua·

824 2055 1017 2113 rum
1088 2028 1576 2138 pluriumue
1644 2027 2183 2129 variabilium
2251 2030 2578 2123 tractari
2647 2027 2988 2133 solent,
3058 2026 3301 2109 cuius
3370 2026 3678 2132 ratio,·
3722 2049 4025 2134 quem·

827 2158 1300 2243 admodum
1382 2157 1549 2239 iam
1638 2154 1964 2271 saepius
2052 2158 2491 2244 obseruaui
2534 2216 2564 2266 ‚
2662 2173 2855 2243 toto
2945 2153 3202 2240 coelo
3289 2154 3405 2238 est
3485 2153 3813 2239 diuersa
3913 2152 4014 2239 ab

824 2284 1175 2390 Analyfi
1247 2282 1785 2390 communi,
1861 2284 1951 2368 in
2037 2313 2204 2396 qua
2293 2305 2622 2371 tantum
2708 2284 3189 2371 functiones
3273 2284 3522 2368 vuius
3590 2281 4019 2369 variabilis

781 2418 1326 2513 'trafiantur⁹
1399 2432 1654 2543 at-quo
1714 2413 1932 2497 adeo
2003 2416 2344 2565 prorsus
2415 2406 2845 2525 peculiare
2915 2411 3220 2496 calculi
3289 2436 3560 2522 genus
3622 2410 4020 2524 postulat,

825 2543 1065 2628 cuius
1133 2544 1620 2625 etiamnunc
1690 2542 2007 2651 prima
2031 2541 2454 2654 principia
2520 2542 2668 2627 vix
2738 2569 2783 2627 a
2853 2539 3348 2627 Geometris
3436 2538 3628 2623 sunt
3710 2539 4019 2653 explo-

824 2690 1048 2769 rata3
1117 2672 1343 2754 vnde
1412 2668 1884 2780 plurimum
1935 2671 2042 2754 ad
2111 2673 2741 2758 incrementum
2810 2668 3203 2754 scientiae
3236 2667 3748 2774 Analyticae
3810 2694 4021 2755 con-

825 2799 1039 2885 feret
1107 2794 1536 2885 eiusmodi
1611 2799 2131 2907 quaestiones
2206 2800 2668 2905 euoluere,
2743 2822 3097 2910 quarum
3170 2796 3485 2882 solutio
3561 2797 3797 2882 istam
3863 2824 4019 2883 no-

819 2953 1015 3014 vam
1044 2926 1538 3036 Analyseos
1610 2947 1940 3036 partem
2010 2932 2464 3060 requirat.
2521 2930 2779 3024 Hunc
2849 2928 3114 3037 igitur
3176 2927 3266 3011 in
3333 2924 3598 3016 finem
3666 2926 4021 3042 sequen-

830 3074 1008 3152 tem
1084 3045 1659 3192 quaestionem
1726 3053 2190 3154 accuratius
2264 3059 2769 3174 Ρετῐῐ3ἂ3ῐε
2842 3051 3261 3145 constitui.

2096 3269 2717 3391 Problema.

1127 3451 1479 3569 Super
1544 3457 1783 3543 dato
1774 3457 2040 3570 plano
2110 3463 2491 3552 eiusmodi
2535 3458 2884 3574 solidum
2956 3456 3384 3569 exstruere,
3436 3455 3556 3542 ad
3612 3456 3831 3543 cuius
3876 3452 4023 3582 su·-

819 3586 1214 3702 pepfict'em
1257 3590 1343 3701 fi
1408 3591 1488 3673 in
1544 3587 1877 3696 lingulis
1931 3588 2244 3712 pandis
2309 3587 2706 3678 normales
2773 3587 3209 3699 ducantur,
3287 3612 3428 3708 eae
3495 3608 3756 3673 omnes
3824 3589 4021 3704 inter

801 3713 902 3827 se
949 3714 1281 3830 futurae
1321 3717 1408 3832 s
1376 3733 1493 3802 nt
1560 3715 1963 3826 aequales.

445 3926 754 4047 Tab.11.
1212 3928 1286 4038 §-
1358 3959 1449 4033 4.
1584 3903 2130 4043 Perspicuum
2206 3934 2321 4018 est
2386 3935 2605 4021 hanc
2678 3932 3257 4044 quaestionem
3321 3930 3776 4045 analogam
3863 3931 4021 4016 effe

432 4033 624 4128 '¹³¹8‘
682 4055 749 4106 ¹·
823 4057 1022 4163 illi,
1123 4071 1286 4168 qua
1354 4058 1441 4141 in
1508 4059 1770 4169 plano
1839 4060 2085 4172 super
2154 4087 2311 4147 axe
2383 4064 2587 4147 dato
2649 4061 3087 4146 eiusmodi
3158 4089 3419 4147 curua
3496 4061 4027 4172 requiritur,

826 4189 1065 4290 cuius
1153 4209 1456 4268 omnes
1542 4181 1973 4277 normales
2058 4193 2282 4276 inter
2366 4190 2448 4275 se
2531 4190 2694 4276 fint
2770 4189 3242 4304 aequales,
3341 4189 3512 4275 fiue
3583 4209 3678 4275 vt
3757 4187 4025 4302 pofita

822 4315 1154 4404 abscissa
1223 4311 1313 4396 A
1350 4309 1691 4402 X=x
1755 4338 1844 4402 et
1910 4318 2330 4430 applicata
2392 4316 2587 4404 XY
2626 4345 2895 4425 εγ,
2969 4319 3379 4404 normalis
3448 4317 3656 4405 YN
3677 4375 3724 4428 ,
3807 4341 4023 4431 quae

824 4445 943 4530 est
1004 4429 1696 4574 Q,
1796 4445 2105 4544 habeat
2173 4449 2729 4562 quantitatem
2798 4447 3321 4533 constantem
3388 4472 3634 4530 :a-
3792 4446 4027 4531 Hinc

721 4643 733 4658 ‘
834 4621 1100 4707 ergo,
1164 4596 1441 4706 pofito
1514 4590 1804 4702 by:
1828 4590 2138 4705 pax,
2179 4598 2722 4710 requiritur·
2743 4619 2837 4683 vt
2900 4588 3340 4709 fityllst
3381 4598 3886 4709 -ι-ΡΡ)...
3931 4624 4030 4707 a,

828 4727 1054 4826 vnde
1122 4724 1525 4837 sequitur.
1546 4724 1756 4831 fore
1836 4656 2298 4840 p—z'ffia
2321 4718 2939 4864 -Jm--g—2,
3041 4728 3267 4814 vnde
3334 4752 3604 4839 porro
3670 4726 4026 4816 habebi·

2306 4817 2390 4876 J

2349 4915 2364 4928 ⁴
3890 4898 4026 4968 tut
