4288 5844
1867 600 2174 655 aa
2241 563 2491 680 (94)
2554 596 2860 655 ὲ·-

750 798 1141 890 verticali
1211 814 1650 917 teneatur,
1722 801 1929 887 dum
1996 798 2181 885 eius
2250 795 2460 885 bafis
2529 797 2639 883 M
2676 797 2770 886 N
2804 856 2836 909 ‚
2902 789 3150 910 super
3213 796 3479 911 plano
3541 796 3968 889 horizon-

638 1012 645 1017 .
749 932 903 1020 tali
972 930 1120 1021 tali
1188 951 1476 1038 mota,
1549 929 1896 1040 qualem
1962 926 2604 1039 descripfimu5‚
2669 920 3108 1040 vtcnnque
3176 926 3693 1042 proferatur,
3749 931 4012 1043 ‚haef

761 1086 929 1175 que
994 1058 1330 1147 ratione
1399 1057 1888 1170 superficies
1958 1056 2370 1143 continua
2454 1054 2815 1143 describi
2898 1056 3497 1170 concipiatur:
3601 1058 3961 1150 euidens

756 1190 877 1278 est
941 1186 1428 1279 normalem
1492 1186 1668 1278 U'S
1741 1188 2001 1275 etiam
2067 1188 2174 1273 ad
2241 1184 2509 1298 ipsam
2574 1183 3113 1299 superficiem
3178 1188 3268 1271 in
3332 1188 3653 1300 punfio
3692 1187 3785 1277 U
3833 1190 3968 1278 fo·

757 1344 855 1409 re
921 1318 1400 1407 normalem
1438 1374 1471 1429 ‚
1587 1337 2047 1432 propterea
2115 1316 2354 1429 quod
2423 1334 2716 1403 motus
2783 1318 3074 1429 punfii
3144 1314 3236 1405 U
3337 1314 3441 1401 fit
3516 1315 3758 1406 iuxta
3845 1320 3976 1417 ‹li-,-

760 1448 1240 1541 rectionem
1288 1450 1432 1536 .ad
1514 1445 1739 1534 bafin
1825 1448 1932 1531 M
1966 1445 2126 1555 N,
2228 1444 2613 1559 ideoque
2693 1446 2956 1534 etiam
3022 1446 3132 1535 ad
3195 1445 3564 1560 planum
3638 1446 3963 1561 figurae

759 1579 1280 1667 normalem.
1363 1564 1597 1664 Hinc
1662 1575 1929 1689 igitur
1992 1591 2263 1688 patet,
2303 1601 2904 1693 quamcunque
2969 1576 3484 1665 relationem
3553 1581 3970 1668 normalis

760 1705 855 1797 U
892 1706 953 1796 S
1019 1708 1129 1794 ad
1193 1706 1710 1821 applicatam
1773 1703 1867 1794 U
1896 1704 1991 1792 T
2088 1706 2463 1793 tenuerit
2498 1762 2531 1817 ‚
2611 1710 2980 1798 eandem
3048 1731 3403 1827 quoque
3487 1709 3972 1820 proprieta-

764 1852 946 1923 tem
1014 1837 1107 1923 in
1174 1854 1450 1924 totam
1516 1834 2052 1951 superficiem
2104 1835 2282 1923 hoc
2345 1839 2622 1928 modo
2689 1841 3196 1954 descriptam
3254 1855 3753 1948 competere
3813 1834 3968 1925 'de-

765 1963 977 2054 bere
1014 2024 1052 2076 ‚
1149 1985 1408 2080 atque
1493 1967 1586 2054 in
1666 1967 1847 2055 hoc
1930 1964 2303 2054 eonfistit
2379 1966 2701 2064 solutio
2779 1969 3034 2089 supra
3105 1967 3304 2058 data
3402 1965 3968 2085 problematis

766 2094 1191 2214 generalis
1253 2097 1447 2217 post
1509 2095 1586 2215 ς.
1661 2114 1810 2197 28.
1872 2094 2328 2219 propofitiq
3955 2097 3963 2107 ’

3617 4803 4010 4992 ῑεοιν,
