4288 5844
1789 544 2105 611 εει-ε·-
2163 516 2482 679 (302)
2536 551 2852 609 aaa

707 764 844 850 vis
912 767 1260 875 tempore
1323 755 1616 847 lineam
1684 756 2211 877 meridianam
2271 759 2634 855 invenire
2691 757 2952 873 poffis
2993 812 3026 870 ‚
3109 780 3330 847 mox
3402 756 3754 874 quidem
3828 774 3960 848 ta-

710 893 821 979 lis
860 892 1028 979 sese
1070 891 1287 978 mihi
1348 887 1679 984 obtulit
1743 887 2214 981 methodus
2235 917 2265 989 ‚-
2334 893 2638 995 eadem
2709 912 2997 1027 autefn
3065 892 3173 977 ad
3227 889 3674 983 calculum
3739 918 3954 1004 per-

718 1027 971 1110 duxit
1054 1042 1233 1119 tam
1314 1017 1764 1135 prolixum
1834 1044 1931 1115 ac
2001 1014 2182 1115 fere
2251 1016 2678 1111 tediosum
2713 1080 2750 1129 9
2845 1040 2951 1106 ,ut
3016 1045 3066 1105 e
3137 1021 3517 1132 generali
3583 1019 3949 1107 Proble-

715 1155 967 1241 matis
1020 1142 1278 1241 ‘huius
1320 1149 1751 1237 solutione
1822 1147 2051 1233 haud
2122 1146 2500 1233 multum
2568 1149 2789 1236 lucri
2843 1151 2972 1236 fit‘
3008 1149 3547 1265 sperandum.
3638 1149 3945 1266 Quum

717 1305 1013 1374 tamen
1100 1281 1420 1371 cafibus
1504 1277 2149 1395 specialioribus
2237 1276 2554 1369 solutio
2639 1270 2994 1367 resultet
3056 1279 3342 1368 multo
3407 1280 3949 1393 fimplieior‚

724 1440 1000 1530 quum
1080 1434 1522 1528 praeterea
1610 1412 1827 1497 haec
1912 1407 2391 1520 disquifitio
2493 1408 2612 1496 ob
2679 1411 2882 1497 alias
2949 1412 3327 1498 rationes
3399 1431 3698 1499 notatu
3765 1438 3955 1499 non

715 1547 1113 1633 videatur
1177 1543 1528 1654 indigna
1569 1600 1599 1648 ‚
1665 1557 1756 1629 et
1795 1598 1824 1648 ‚
1880 1538 1987 1624 .fi
2056 1539 2248 1653 quis
2320 1538 2750 1626 caleulum
2803 1541 3260 1653 prolixum
3334 1568 3510 1628 non
3581 1541 3951 1652 timeat,

719 1676 840 1762 ob
909 1675 1271 1761 modum
1361 1668 1865 1758 observandi
1949 1669 2647 1782 fimplicissimum
2734 1695 3392 1786 nonnumquam
3472 1670 3706 1759 utilis
3778 1672 3946 1760 effe

718 1806 974 1921 poffit
1009 1862 1042 1917 ,
1108 1801 1467 1920 publico
1530 1801 1913 1893 examini
1978 1796 2655 1891 eamsubiicere
2727 1800 2974 1891 ausus
3035 1804 3256 1889 sum.
3307 1868 3318 1875 .

817 2097 825 2105 ¹
1112 1994 1190 2110 §.
1268 2024 1356 2082 2.
1485 1992 1951 2083 Problema
1991 2055 2021 2104 ‚
2093 1994 2202 2082 de
2275 2021 2453 2109 quo
2525 1994 2671 2086 hic
2739 1996 3077 2110 agitur,
3146 1996 3260 2085 fic
3327 1997 3608 2111 potest
3670 2021 3952 2084 enun-

725 2126 993 2217 ciari:
1069 2124 1551 2242 observatis
1617 2124 1821 2212 binis
1887 2124 2358 2242 dffrentiis
2424 2127 2895 2238 angulorum
2979 2125 3590 2215 azimuthalium
3656 2145 3734 2214 et
3797 2125 3955 2214 ho·

721 2263 1125 2345 rariorum
1165 2314 1195 2367 ,
1278 2258 1634 2343 invenire
1699 2253 1947 2367 ipsum
2011 2252 2398 2341 Azimuth
2466 2257 2604 2343 vel
2697 2257 3075 2369 angulum
3141 2252 3587 2344 horarium.
3723 2257 3954 2372 Sup-

717 2389 1077 2506 ponitur
1142 2387 1435 2500 itaque
1478 2446 1511 2499 ²
1609 2388 1974 2471 eandem
2043 2383 2365 2472 stellam
2454 2389 2588 2474 ter
2672 2388 2909 2475 fuiffe
2979 2385 3511 2474 observatam
3551 2448 3582 2495 ,
3683 2407 3946 2499 atque

721 2546 929 2629 cum·
997 2517 1360 2631 angulos
1432 2513 1994 2602 azimuthales
2069 2534 2254 2601 tum
2324 2534 2719 2630 tempora
2805 2519 3030 2603 inter
3106 2516 3343 2631 bin-as
3416 2514 3954 2607 observatio-

716 2675 870 2735 nes
943 2640 1220 2759 elapsa
1304 2644 1551 2732 fimul
1642 2646 1879 2730 fuiffe
1968 2665 2261 2731 notata
2302 2678 2326 2746 ;
2441 2648 2675 2760 quod
2753 2646 3103 2761 quidem
3175 2649 3410 2759 prius
3481 2674 3657 2761 ope
3724 2648 3958 2731 duo-

715 2804 914 2866 rum
982 2774 1335 2863 filorum
1384 2836 1413 2885 ‚
1483 2775 1827 2864 alterius
1898 2774 2127 2887 fixi,
2198 2775 2556 2891 alterius&
2614 2778 3017 2884 mobilis,
3088 2772 3282 2871 satis
3352 2781 3646 2867 exacte
3712 2775 3952 2865 effici

714 2905 1068 3024 potest,
1184 2892 1667 2996 dummodo
1757 2902 2004 2992 filum
2098 2904 2424 2992 mobile
2515 2907 2737 2996 circa
2825 2905 3067 2995 filum
3158 2904 3435 2998 fixum
3535 2928 3957 3019 tanquam

718 3064 975 3150 axem
1066 3039 1688 3164 moveaturxin
1776 3033 2225 3147 superficie
2298 3038 2664 3144 cylindri
2734 3035 3159 3124 verticalis
3212 3096 3243 3147 ,
3350 3039 3586 3128 cuius
3654 3038 3950 3144 radius

719 3166 910 3255 satis
984 3190 1378 3277 magnus.
1508 3164 1772 3250 Initio
1843 3167 2113 3250 statim
2186 3165 2500 3251 notafl'e
2570 3167 2957 3276 iuvabit,
3057 3193 3236 3254 non
3305 3163 3584 3254 solum
3651 3167 3947 3254 fideris

720 3297 1454 3401 declinationem,
1523 3319 1831 3380 verum
1897 3293 2154 3381 etiam
2229 3294 2483 3382 binos
2536 3296 2898 3409 angulos
2970 3287 3537 3386 azimuthales
3571 3295 3716 3384 vel
3777 3295 3956 3385 ho·

716 3429 989 3518 rados
1079 3424 1183 3511 ab
1272 3423 1628 3512 arbitrio
1718 3424 2008 3511 nostro
2092 3426 2545 3538 pendere,
2651 3428 2878 3514 unde
2963 3426 3159 3512 istae
3249 3428 3765 3538 quantitates
3829 3428 3958 3515 ita

720 3558 1111 3672 poterint
1180 3554 1784 3663 determinari,
1852 3574 1948 3639 ut
2000 3553 2428 3648 formulae
2468 3555 2930 3672 reddantur
2992 3555 3600 3667 simpliciores»,
3648 3583 3952 3675 quem·

723 3688 1198 3774 admodum
1282 3682 1504 3771 infra
1588 3683 2111 3774 videbimus.
2315 3680 2605 3799 Ipsum
2693 3688 2997 3801 ,itaque
3082 3683 3550 3804 Problema
3650 3712 3950 3802 aggre-

724 3817 1092 3904 diamur.

291 4057 674 4142 Tab.v111.
1123 3999 1200 4119 ς.
1312 4031 1400 4112 3.
1563 4001 2044 4094 Moveatur
2123 4005 2362 4096 stella
2444 4007 2533 4095 in
2616 4006 3042 4098 Parallelo
3150 4009 3236 4102 A
3281 4007 3358 4100 C
3393 4010 3502 4101 M
3538 4070 3570 4124 ‚
3669 4007 3952 4127 fitque

348 4165 493 4263 fig,
551 4191 622 4247 χ,
730 4158 864 4227 ter
931 4135 1371 4225 observata
1436 4139 1521 4223 in
1596 4138 1735 4248 A,
1805 4138 1941 4245 B‚·
2004 4133 2079 4225 C
2103 4171 2129 4241 3
2204 4136 2523 4227 Zenith
2590 4139 2843 4228 fit·in
2914 4139 3040 4252 Z,
3109 4143 3368 4258 polus
3434 4146 3524 4229 iu
3597 4140 3716 4251 P,
3786 4169 3962 4228 un·

732 4273 842 4359 de
911 4297 1025 4357 ex
1091 4268 1827 4355 observationibus
1895 4266 2249 4355 filorum
2319 4270 2870 4358 innotescunt
2934 4276 3242 4387 anguli-
3303 4273 3391 4359 A
3431 4270 3613 4360 ΖΒ
3659 4297 3788 4355 Ξ
3822 4303 3957 4389 μ,

592 4411 597 4420 ’
729 4401 823 4491 Α
861 4396 936 4486 Ζ
978 4394 1214 4486 C:
1252 4424 1340 4507 ν,
1410 4415 1504 4483 et
1565 4420 1615 4483 e
1687 4397 2227 4511 temporibus
2299 4400 2765 4515 interlapsis
2837 4406 3128 4516 anguli
3197 4403 3462 4491 APB
3503 4431 3629 4488 :z
3667 4433 3773 4510 α,
3860 4424 3960 4488 et

731 4526 1342 4643 ΑΡΟΞβ.
1512 4525 1804 4614 Pofito
1889 4533 2058 4614 iam
2130 4525 2597 4640 PZze,
2697 4526 3958 4642 PAzpss-:Pcr-a,

729 4664 818 4751 A
870 4663 937 4749 P
1004 4661 1111 4747 M
1162 4688 1288 4744 :z
1338 4649 1493 4768 Φ,
1594 4659 1684 4746 A
1739 4653 1814 4743 Z
1868 4658 1975 4744 M
2033 4683 2159 4746 z
2217 4663 2363 4771 ψ,
2463 4663 2820 4776 perinde
2889 4663 3058 4774 est,
3153 4664 3325 4751 five
3408 4662 3774 4777 angulus
3863 4653 3962 4772 Φ

738 4813 1189 4907 quaeratur
1253 4791 1426 4877 flue
1459 4790 1606 4904 ψ,
1706 4779 1977 4904 quum
2048 4817 2273 4879 unus
2342 4819 2458 4891 ex
2529 4795 2802 4884 altero
2867 4794 3042 4884 fine
3109 4795 3612 4911 ambagibus
3695 4819 3960 4880 erua-

3737 4943 3952 5037 tur,
