4288 5844
1802 572 2045 689 (93)
2114 618 2417 649 -····-·-·

304 804 602 912 virgae
688 805 959 891 restae
1031 806 1140 892 M
1172 806 1261 892 N
1299 866 1329 911 ,
1401 808 1660 919 plano
1750 807 2276 894 horizontali
2363 809 2941 896 incumbentis
2987 868 3022 916 ,
3067 866 3078 875 -
3127 836 3372 921 quae·
3409 815 3525 897 ita
3577 834 3749 907 Tat„
3802 840 3882 907 11.

304 958 998 1045 premonemur,
1078 957 1175 1020 vt
1245 964 1407 1047 pro
1476 940 1660 1022 eius
1729 938 2074 1048 {iugulis
2152 939 2482 1050 punt‘tis
2555 943 2910 1055 direstio
2982 963 3270 1024 motus
3347 938 3430 1027 O
3475 941 3706 1034 aFig.
3771 958 3902 1045 ¹¹·.

304 1066 415 1149 ad
482 1063 743 1174 ipsam
811 1066 1141 1177 virgam
1212 1066 1315 1148 M
1358 1066 1440 1149 N
1517 1062 1830 1178 vbique
1897 1066 2017 1149 fit·
2066 1067 2504 1150 normalis.
2625 1069 2833 1153 Tali
2873 1069 3166 1178 sigitur
3235 1091 3528 1177 ῐῐιοιῑιι,ι
3661 1142 3672 1149 .

301 1191 365 1276 fi
439 1194 911 1278 celeritates
979 1197 1068 1279 in
1140 1195 1480 1303 singulis
1551 1192 2245 1305 punstis'virgae
2307 1193 2654 1280 suerint
2740 1196 2964 1281 i'nter
3007 1190 3174 1280 'se-
3215 1222 3530 1311 aequa-³

306 1319 439 1407 les
480 1378 511 1429 ‚
568 1322 818 1441 ,virga
886 1328 1135 1410 mot‘u
1204 1323 1354 1407 fibi
1420 1321 1836 1434 parallelo
1907 1324 2463 1435 proferetur&
2517 1325 2690 1427 ‚fin
2774 1305 3522 1414 autem-celeritas

302 1449 399 1535 in
469 1453 842 1536 termino
911 1453 1360 1538 M.maior
1431 1451 1689 1536 fuerit
1763 1478 2015 1564 quam
2084 1452 2175 1535 in
2241 1452 2516 1538 altero
2584 1457 2964 1539 termino
3013 1454 3136 1562 N,
3173 1474 3272 1540 vt
3333 1458 3524 1566 post

305 1578 973 1689 tempusculum
1021 1581 1353 1666 infinite
1440 1608 1805 1693 paruum
1889 1582 2334 1693 perueniat
2416 1585 2505 1666 in
2587 1583 3219 1697 fitumynon,
3333 1589 3520 1670 eius
3651 1592 3708 1685 α’

309 1706 604 1793 motus
672 1709 837 1793 erit
902 1711 1364 1820 angularis,
1433 1712 1695 1797 satius
1769 1710 1992 1797 circa
2059 1713 2496 1821 punctum.
2542 1714 3014 1824 quodpiam
3081 1708 3366 1797 fixum'·
3395 1701 3520 1821 V,
3659 1788 3666 1793 .

301 1834 397 1921 in
462 1830 639 1950 ipsa
705 1839 949 1929 recia·
998 1839 1231 1924 ΜΝ
1298 1839 2079 1951 produfia'fitum,
2149 1841 2392 1950 quod
2459 1845 2864 1952 punctum
2944 1838 3270 1954 quouis}
3323 1866 3519 1925 mo-

300 1982 609 2050 mento
694 1967 1009 2085 variari
1084 1968 1358 2081 potest
1394 2026 1428 2083 ,
1529 1969 2013 2058 dummodo
2096 1990 2527 2084 perpetuo
2599 1974 2797 2057 cum
2879 1970 3514 2085 ipsasvirga.in

304 2093 732 2183 direftum
796 2097 1094 2184 iaceat.

694 2290 769 2403 ᾗ.
842 2318 993 2402 37.
1136 2293 1669 2385 Huiusmodi
1754 2298 2019 2413 igitur
2102 2313 2350 2384 motu
2434 2294 2757 2407 fingula
2839 2298 3130 2409 virgae
3213 2296 3522 2407 punfia

306 2414 397 2505 O
442 2438 712 2506 certas
785 2447 1084 2508 curuas
1156 2425 1684 2535 describent,
1752 2454 1968 2545 quae
2037 2429 2260 2510 inter
2330 2421 2413 2508 se
2485 2446 2739 2509 erunt
2801 2426 3303 2539 parallelae,
3373 2424 3514 2508 seu
3588 2434 3722 2537 Εἰς.
3765 2459 3870 2510 12.

292 2549 750 2635 communi
837 2551 1190 2639 euoluta
1293 2557 1753 2666 praeditae.
1927 2554 2056 2641 Ita
2139 2554 2198 2637 fi
2286 2554 2773 2637 communis
2863 2553 3220 2637 euoluta
3325 2549 3514 2634 fue·

290 2679 412 2764 rit
479 2705 740 2764 curua
806 2678 1019 2767 AV
1058 2676 1207 2786 B,
1250 2686 1471 2768 circa
1542 2709 1798 2794 quam
1864 2681 2165 2789 filum,
2237 2706 2436 2765 cum
2503 2681 2741 2792 virga
2809 2681 2911 2766 M
2950 2681 3038 2765 N
3110 2680 3199 2762 in
3287 2678 3518 2763 dire-

298 2809 530 2905 ctum
602 2833 1093 2917 annexum,
1160 2807 1262 2892 fit
1331 2811 2060 2896 circumuolutum
2149 2829 2237 2895 et
2321 2834 2566 2894 more
2653 2809 2908 2894 solito
2982 2795 3514 2914 euoluatur,

296 2937 648 3048 hocque
755 2957 1004 3025 motu
1105 2939 1344 3050 virga
1441 2966 1556 3026 ex
1638 2941 1795 3025 fitu
1892 2939 2133 3023 MN
2239 2940 2325 3023 in
2410 2939 2659 3022 fitum
2753 2963 2911 3022 mn
2997 2938 3507 3047 perueniat:

296 3065 448 3151 iste
515 3065 807 3175 virgae
877 3050 1168 3150 motus
1235 3071 1534 3179 vtique
1606 3069 1745 3153 ita·
1807 3067 1969 3152 erit
2049 3085 2595 3178 comparatus
2636 3123 2667 3174 ‚
2770 3085 2867 3153 vt
2933 3063 3282 3175 fingula-
3327 3064 3510 3148 eius

296 3195 614 3308 punesta
690 3195 1001 3306 quouis
1077 3217 1539 3292 momento
1600 3196 2656 3290 secunduwdineffiones
2731 3196 2829 3280 ad
2900 3194 3151 3277 fitum
3217 3194 3510 3302 virgae

294 3322 735 3437 normales
803 3346 1512 3436 promoueantur.
1646 3324 2035 3435 lix-quo
2111 3324 2460 3407 viciffim
2532 3324 2889 3408 euidens
2949 3321 3132 3424 est,
3222 3319 3510 3428 virgae

287 3453 709 3567 punctum
780 3453 1148 3562 quoduis
1221 3449 1309 3539 Ο
1378 3479 1536 3565 per
1603 3453 1887 3552 datam
1955 3476 2307 3535 curuam
2381 3447 2467 3538 O
2508 3473 2566 3534 ο.
2620 3449 3122 3561 promoueri
3205 3447 3438 3555 posse
3477 3501 3509 3550 ,

296 3580 788 3668 dummodo
858 3598 1283 3691 perpetuo
1351 3584 1525 3693 ipsa
1593 3582 1831 3691 virga
1901 3602 2062 3663 mn
2144 3580 2392 3662 fitum
2480 3596 2768 3662 teneat
2831 3578 2934 3660 ad
2989 3569 3243 3659 ’hanc
3317 3599 3512 3656 cur-

290 3736 497 3797 vam
570 3708 1098 3807 normalem3
1170 3727 1426 3821 atque
1498 3710 1716 3794 adeo
1790 3709 2007 3794 hanc
2076 3732 2430 3791 curnam
2503 3701 2657 3792 Oo
2725 3703 3069 3815 prorsus
3141 3724 3307 3811 pro
3373 3701 3510 3784 lu-

293 3838 487 3925 bitu
558 3838 960 3921 afl'umere
1032 3838 1305 3946 licet,
1400 3838 1518 3923 ita
1584 3855 1679 3922 vt
1744 3835 2025 3922 libero
2096 3862 2396 3920 manus
2484 3836 2746 3919 tractu
2841 3831 3506 3945 quomodocun-

294 3994 470 4082 que
548 3965 902 4050 describi
976 3985 1293 4077 qucat3
1394 3970 1482 4051 in
1556 3991 1733 4077 quo
1778 3965 2035 4078 ipso
2078 3963 2444 4048 confistit
2518 3988 2722 4047 vera
2769 3959 3149 4068 'indoles
3223 3959 3509 4041 omni·-

290 4123 448 4183 um
545 4095 1048 4179 huiusmodi
1132 4094 1840 4205 problematum,
1945 4119 2318 4206 quorum
2417 4089 2738 4178 solutio
2836 4084 3504 4203 integrationem

288 4223 841 4312 functionum
911 4224 1268 4308 duarum
1334 4223 1867 4309 variabilium
1937 4221 2342 4306 inuoluit.

692 4412 768 4524 ς.
844 4432 992 4514 33.
1119 4414 1585 4528 Descripto
1667 4414 1930 4525 igitur
2014 4414 2192 4499 hoc
2277 4428 2596 4520 motu,
2707 4438 2882 4524 quo
2966 4405 3297 4513 virgam
3369 4402 3504 4489 su·
3578 4436 3718 4538 ηε,
3773 4464 3889 4530 13·

290 4568 458 4660 per
523 4538 788 4656 plano
856 4543 1376 4629 horizontali
1444 4543 1947 4656 promoueri
2015 4541 2501 4628 affumimus
2541 4598 2571 4647 ,
2638 4539 2701 4622 fi
2764 4538 3004 4646 virga
3070 4531 3176 4615 M
3213 4532 3302 4619 N
3372 4529 3512 4615 fu-

232 4659 241 4668 *
296 4674 470 4761 erit
536 4671 742 4758 bafis
817 4698 1124 4758 curuae
1191 4673 1719 4785 cuiuscuque
1784 4667 2191 4778 MUN,
2259 4672 2365 4757 ad
2435 4668 2676 4755 cuius
2743 4664 3152 4774 pune‘tum
3203 4658 3505 4782 *quod-

292 4803 437 4894 vis
478 4799 596 4920 „U
640 4802 909 4889 ducta
966 4802 1071 4892 fit
1135 4803 1543 4890 normalis
1614 4801 1702 4893 U
1740 4800 1834 4914 S,
1902 4800 2292 5014 lffiecque
2356 4796 2631 4911 figura
2693 4806 3123 4908 perpetuo
3188 4788 3277 4872 in
3342 4787 3501 4998 fittiu

2093 4952 2146 5029 3
2411 4955 2419 4966 ·
3243 4938 3396 5002 ver
3461 4955 3509 4984 ·

2269 5096 2308 5105 -n—
